1907 2995
170 37 244 86 ,ω

194 140 481 182 Sententiarum
511 142 649 177 nexum
682 137 820 175 misere
851 134 1069 174 conturbari
1091 133 1326 185 interpositis
1353 135 1496 174 verbis
1528 128 1709 186 „crebrae

195 203 448 255 eruptiones.“
490 199 716 251 Largiamur
753 197 905 249 quidem
938 198 1093 248 Wexio,
1126 196 1242 237 totius
1273 196 1349 237 loei
1386 196 1709 239 consumationem

197 277 283 305 esse
303 265 448 303 duram:
462 266 504 302 ut
526 274 619 301 vero
642 261 717 300 hac
729 261 779 300 de
794 271 911 299 causa
923 260 992 299 illa
1009 260 1144 298 verba:
1162 259 1319 298 crebrae
1337 259 1559 310 eruptiones
1577 265 1711 300 contra

195 327 366 368 codicum
394 325 657 366 anctoritatem
685 323 762 363 sint
789 322 1089 373 exterminanda,
1099 321 1173 362 hoe
1199 322 1413 362 concedere
1434 334 1512 362 uon
1530 334 1709 374 possum3

195 402 351 442 prorsus
391 388 609 429 necessaria
645 387 739 426 mihi
778 387 874 426 haee
914 387 1034 426 verba
1072 385 1269 436 videntur,
1311 384 1363 425 ad
1392 385 1624 437 explicanda
1650 398 1710 437 ea,

194 464 293 503 quae
320 454 537 501 sequuntur,
568 451 671 505 ,',tum
686 452 834 489 aestate
848 452 963 499 atque
981 448 1108 489 hieme
1128 448 1244 500 Juxta
1268 447 1552 499 pellebantur.“
1572 449 1712 490 Nonne

194 515 288 554 haec
302 514 419 553 verba
444 511 496 553 ad
523 512 721 564 superiora
750 510 931 563 „crebrae
959 511 1202 563 eruptiones“
1232 515 1322 552 sunt
1347 511 1578 552 referenda?
1591 512 1711 551 Recte

194 577 391 631 Dronkius
418 575 583 627 explicat
609 575 677 615 illa
702 575 839 614 verba:
881 575 1039 614 crebrae
1072 575 1312 625 eruptiones,
1348 587 1448 625 quae
1484 587 1638 626 semper
1673 578 1713 614 et

195 652 264 690 per
288 642 475 679 aestatem
503 641 542 677 et
567 650 637 689 per
663 637 827 676 hiemem
854 636 1010 676 fiebant.
1057 637 1347 688 Peerleampius
1372 637 1429 677 sie
1446 637 1569 677 verba
1584 641 1707 676 nans-

196 701 322 753 ponit:
356 704 394 740 et
421 700 494 740 sibi
521 700 680 751 quisque
707 699 921 752 praesidio:
960 700 1117 740 crebrae
1145 700 1366 751 eruptiones
1393 700 1509 741 irritis
1536 699 1712 741 hostibus

198 789 249 794 -
275 768 314 803 et
340 764 461 803 hiems
490 767 571 803 erat
596 763 798 814 intrepida.
827 787 878 792 —
904 763 967 802 Ad
986 763 1256 813 explicandum
1276 764 1404 803 addit:
1449 764 1575 814 „Quin
1594 764 1712 803 etiam

198 827 323 866 hieme
349 825 542 866 faciebant
577 825 814 877 eruptiones,
855 837 971 876 quum
1007 829 1123 866 antea
1158 838 1228 877 per
1263 826 1430 867 hiemem
1466 826 1505 866 in
1544 825 1713 866 castellis

199 891 389 941 latebant,
426 895 465 930 et
499 890 670 930 Britanni
704 889 845 929 damna
880 890 1041 929 aestatis
1067 890 1296 941 pensabant.
1349 891 1461 931 Nunc
1489 895 1527 930 et
1553 895 1713 940 aestate,

199 957 241 993 ut
268 953 369 1003 olim,
398 957 436 992 et
462 953 598 1003 hieme,
627 952 728 1002 quod
755 964 894 991 novum
922 955 1016 1002 erat,
1044 952 1151 991 iuxta
1177 953 1430 1003 pellebantur.
1484 952 1714 1004 Transposi-

200 1015 303 1055 tione
330 1028 406 1055 non
434 1007 530 1066 opus
558 1018 628 1055 est.
681 1015 786 1055 Inest
813 1014 913 1054 enim
941 1013 981 1054 in
1011 1015 1157 1065 vulgari
1187 1015 1356 1056 lectione
1379 1028 1476 1056 sana
1503 1015 1714 1056 sententia:

200 1079 317 1117 Recte
343 1077 623 1117 Waltherusz..
636 1107 644 1116 .
674 1077 816 1116 crebris
843 1077 1019 1116 nimirum
1044 1078 1317 1128 emptionibus,
1347 1091 1443 1127 quas
1460 1091 1532 1129 per
1549 1079 1714 1118 hiemem

201 1139 324 1179 factas
353 1152 439 1179 esse
466 1139 579 1180 facile
607 1139 800 1191 conjicies,
830 1139 960 1179 hostes
988 1139 1038 1179 ad
1075 1141 1318 1181 castellorum
1357 1141 1597 1181 obsidionem
1633 1145 1716 1193 pot-

203 1206 311 1242 erant
327 1203 487 1253 incitari,
514 1208 555 1243 at
572 1216 663 1243 vero
682 1204 941 1254 imprudenter
959 1204 1132 1254 egissent
1149 1205 1323 1255 Romani,
1352 1205 1426 1244 nisi
1445 1205 1632 1245 adversus
1650 1206 1716 1244 ob-

202 1265 361 1306 sidionis
380 1279 507 1306 moras
526 1266 647 1318 copiis
665 1266 702 1306 h.
722 1279 755 1306 e.
776 1272 1001 1319 commeatu,
1029 1267 1219 1309 frumento
1238 1268 1333 1309 satis
1357 1268 1496 1308 firmati
1514 1268 1714 1309 fuissent.“

201 1329 318 1368 Hisce
354 1330 496 1368 crebris
532 1330 794 1380 eruptionibus
830 1336 1100 1381 commeatum,
1137 1332 1367 1371 frumentum
1405 1332 1478 1370 sibi
1515 1333 1717 1382 parabant,

201 1390 329 1441 itaque
356 1391 498 1438 hostes,
524 1395 566 1431 ut
593 1392 683 1431 olim
711 1396 867 1442 aestate,
896 1406 998 1433 nunc
1027 1394 1153 1433 hieme
1180 1406 1331 1444 quoque
1357 1392 1611 1445 pellebantur.

786 1551 932 1598 OAP.
965 1553 1131 1601 XXX.

721 1623 881 1668 TAcm
912 1623 1189 1671 AcmconAn.

327 1715 408 1752 Nos
435 1718 618 1753 terrarum
647 1728 693 1753 ac
729 1717 914 1755 libertatis
952 1722 1154 1768 extremos,
1196 1731 1372 1757 recessus
1408 1719 1492 1769 ipse
1528 1731 1576 1757 ac
1612 1719 1719 1758 sinus

204 1775 330 1815 famae
348 1775 388 1814 in
406 1775 507 1816 hunc
526 1776 626 1816 diem
646 1777 827 1829 defendit,
847 1792 948 1819 nunc
967 1780 1151 1820 terminus
1170 1781 1394 1821 Britanniae
1413 1785 1538 1832 patet:
1562 1785 1720 1832 „atque

205 1850 345 1876 omne
380 1838 603 1888 ignotum
640 1853 727 1890 pro
765 1842 1046 1892 magnifico
1083 1845 1196 1883 est.“

330 1913 436 1951 Haec
464 1916 521 1951 est
549 1914 734 1964 scriptura
762 1915 949 1955 codicum.
1002 1917 1139 1956 Mirum
1167 1918 1207 1956 in
1236 1917 1392 1957 modum
1428 1917 1491 1957 hic
1526 1918 1634 1956 locus
1670 1918 1721 1956 ab

204 1973 471 2024 interpretibus
499 1979 557 2014 est
584 1980 762 2016 vexatus:
805 1978 958 2029 Lipsius
986 1979 1171 2030 explicat:
1201 1980 1373 2020 defendit
1399 1993 1481 2031 nos,
1510 1980 1613 2030 quod
1640 1980 1720 2020 lon-

205 2035 349 2085 ginqui,
386 2038 522 2076 occulti
552 2043 588 2076 et
616 2039 679 2077 vix
706 2039 810 2079 fama
837 2042 915 2080 noti
944 2042 1085 2082 fuimus
1113 2043 1168 2094 (in
1197 2044 1283 2083 sinu
1311 2044 1439 2082 famae
1467 2043 1640 2095 conditi).
1670 2066 1721 2072 —

206 2099 269 2137 Fr.
299 2100 513 2140 Gronovius
541 2102 677 2152 probat
710 2102 809 2141 hanc
846 2104 1159 2156 explicationem,
1196 2105 1449 2157 progrediens
1487 2105 1589 2145 enim
1627 2105 1661 2144 is
1697 2118 1723 2144 a

207 2160 358 2200 dicendi
386 2162 555 2202 formulis
586 2165 708 2215 „ultra
735 2165 876 2204 famam
905 2166 1094 2218 exigere,“
1125 2169 1225 2208 intra
1243 2170 1386 2208 famam
1405 2168 1603 2208 habitare“
1634 2180 1722 2207 con-

208 2223 338 2273 tendit,
380 2225 503 2264 sinum
532 2239 617 2265 esse
646 2231 793 2277 partem
822 2235 1008 2268 secretam
1037 2235 1075 2269 et
1102 2231 1227 2270 locum
1257 2232 1423 2271 maxime
1450 2235 1637 2270 remotum
1666 2230 1724 2282 (ut

210 2285 258 2324 de
287 2286 414 2325 Germ.
443 2301 475 2327 c.
504 2289 583 2340 29),
611 2289 900 2340 intelligendum
930 2292 1047 2342 igitur
1071 2305 1177 2333 esse:
1207 2293 1332 2334 sinum
1351 2307 1399 2334 ac
1416 2306 1611 2334 recessum
1631 2306 1723 2334 orae

211 2348 428 2389 habitabilis
455 2374 506 2380 ——
534 2352 680 2391 Walch.
709 2353 848 2392 refutat
875 2354 975 2394 hanc
1012 2356 1305 2407 explicationem
1344 2362 1382 2397 et
1417 2370 1557 2397 novam
1593 2356 1722 2396 addit:

211 2410 351 2461 accipit
378 2412 477 2451 enim
511 2427 642 2453 vocem
680 2438 731 2444 —
767 2429 942 2459 recessus
978 2419 1106 2459 famae
1141 2443 1193 2448 —
1229 2420 1279 2460 de
1315 2421 1420 2461 fama
1456 2432 1478 2460 e
1515 2424 1724 2471 conspectu

211 2471 477 2519 Britannorum
504 2476 543 2514 in
570 2479 844 2519 remotissimas
872 2485 992 2522 terras
1019 2483 1242 2523 recedente:
1271 2484 1378 2524 sinus
1406 2484 1534 2523 famae
1551 2483 1601 2523 de
1619 2483 1725 2531 fama

214 2539 338 2579 sinum
365 2543 475 2591 quasi
503 2547 739 2587 sermonibus
767 2544 986 2596 praebente,
1025 2550 1063 2585 et
1089 2546 1143 2585 ita
1169 2548 1295 2586 locum
1325 2546 1456 2586 vertit:
1515 2547 1625 2597 „Una
1651 2547 1724 2585 das

215 2606 321 2643 letzte
357 2606 454 2645 Volk
481 2608 547 2646 des
574 2610 801 2648 &dh-esses
829 2612 907 2649 und
936 2611 1006 2648 der
1034 2610 1216 2656 Freihcit,
1243 2611 1308 2649 hat
1336 2624 1450 2649 unser
1478 2610 1617 2655 Name,
1653 2609 1725 2648 der

214 2681 287 2708 aus
314 2670 398 2708 dem
425 2670 589 2710 Anhlick
617 2674 685 2711 der
713 2675 923 2712 Britanner
956 2676 1001 2712 in
1029 2675 1188 2713 weita-ste
1225 2674 1349 2713 Fer-ne
1384 2674 1462 2712 sich
1499 2673 1723 2724 zurilckz09‚
