1907 2995
215 57 270 98 ΩΟ

217 162 325 202 colae
351 158 498 199 virtutis
534 167 627 196 suae
663 155 750 195 duci
787 151 1074 204 approbandae.
1084 151 1132 204 ¹⁴)
1185 150 1402 191 Aestimate
1433 155 1538 192 recte
1565 148 1754 204 explicat

216 221 459 264 Ecksteinius
488 249 497 257 .
514 249 523 258 .
540 249 549 258 .
578 218 782 259 aestimare
809 216 974 264 aliquem
1003 219 1063 254 est
1089 226 1324 264 cognoscere
1351 213 1514 253 alicuius
1542 216 1731 266 virtutem,

216 286 339 337 qualis
365 284 426 323 vel
454 287 595 333 quanta
623 281 711 330 sit,“
747 280 843 319 ratio
875 273 1106 318 aestimandi
1139 276 1362 329 exprimitur
1388 276 1520 316 addito
1548 278 1731 320 ablativo.

215 347 467 400 Reperiuntur
492 344 612 384 multa
648 342 839 394 exempla,
875 340 1014 390 quibus
1047 340 1205 379 verbum
1236 339 1489 391 ,Jaestimarff
1524 340 1626 380 hanc
1652 341 1743 381 vim.

214 412 350 452 habet:
383 414 425 449 ut
451 408 533 448 Liv,
561 408 643 447 VH.
671 407 736 446 32.
790 406 847 446 Ne
876 403 1133 444 Sidicinorum
1163 403 1523 455 Campanorumque
1556 404 1732 445 cladibus

215 473 442 515 Samnitium
475 470 724 511 aestimarent
753 469 930 508 virtutem
965 467 1048 506 Liv.
1073 465 1200 507 xxn.
1229 466 1253 506 8
1293 462 1490 518 „Cifflam
1523 468 1731 517 quodcum-

216 550 291 588 que
318 534 508 584 acciderit,
536 544 613 572 non
641 538 766 571 rerum
794 530 1076 580 magnitudine,
1104 530 1175 570 sed
1201 529 1346 570 viribus
1374 530 1589 570 extenuatis
1616 531 1730 571 aesti-

215 599 394 639 mandum
423 608 527 636 esse:
554 596 657 647 apud
685 594 860 634 Tacitum
888 593 987 633 nist.
1014 593 1078 633 IV.
1101 588 1170 633 413.
1208 589 1358 633 ‘Omnia
1385 592 1489 644 apud
1514 605 1587 633 vos
1612 593 1732 634 b‘ona·

215 670 288 712 qne
303 656 360 699 ¹⁴ac
387 660 491 698 mala
517 671 592 697 non
621 666 692 696 sua
719 661 865 705 natura,
894 655 964 694 sed
991 655 1151 695 vocibus
1172 653 1448 695 seditiosorum
1467 655 1731 696 aestimantur.

214 726 313 764 Ann.
340 724 407 763 XI.
436 723 498 761 26.
549 722 607 761 Ne
635 719 760 759 scelus
788 719 886 758 intra
913 715 1097 769 ancipitia
1123 717 1326 769 probatum
1351 726 1444 759 mox
1470 718 1571 758 veris
1598 718 1732 770 pretiis

215 785 529 837 aesfimarent.¹³)
569 783 777 822 Videamus
796 782 882 832 jam
907 781 957 820 de
981 781 1108 820 verbis
1139 789 1328 832 „neque
1348 782 1615 832 segniter*
1644 783 1732 822 We·

215 850 316 901 xius,
343 853 386 890 ut
407 848 492 900 jam
519 846 614 897 dixi,
648 845 744 886 haec
771 845 888 885 verba
914 844 1082 884 delenda
1107 847 1236 896 putat3
1273 855 1321 884 ex
1349 856 1437 884 mea
1456 844 1617 899 >quidem
1646 856 1732 885 sen-

217 914 337 953 tentia
371 924 521 952 summa
556 923 641 950 cum
676 909 852 949 audacia.
907 907 1116 947 Contendit
1147 907 1229 958 ille,
1258 920 1343 947 non
1358 920 1459 947 esse
1486 907 1647 948 latinum
1675 908 1731 948 di-

218 988 320 1027 cere,
356 987 428 1016 nec
455 973 636 1025 Agricola
662 972 968 1021 licenter-neque
996 970 1185 1022 segniter,
1223 969 1400 1011 Tacitum
1427 970 1596 1010 scribere
1629 975 1732 1011 certe

217 1040 398 1079 debuisse
428 1042 517 1089 „aut
545 1037 735 1087 segniter“
754 1064 763 1073 .
780 1065 789 1074 .
806 1065 815 1074 .
843 1035 983 1073 deinde
1010 1047 1145 1073 vocem
1174 1034 1392 1085 „segniter“
1422 1043 1499 1072 neu
1521 1034 1731 1073 cohaerere

216 1115 304 1142 cum
331 1114 425 1141 voce
438 1140 441 1143 ,
454 1100 528 1152 „ad
556 1099 805 1150 voluptates,“
836 1097 904 1138 sed
931 1109 1017 1137 cum
1045 1108 1141 1137 voce
1168 1096 1245 1148 „ad
1277 1096 1550 1137 commeatus.“
1603 1096 1733 1137 Potuit

217 1176 311 1203 sane
337 1163 495 1202 Tacitus
523 1162 688 1200 scribere
727 1164 816 1211 „aut
852 1160 1040 1209 segniter,
1078 1159 1147 1198 sed
1182 1172 1261 1198 non
1289 1159 1477 1209 debebat3
1519 1162 1558 1197 et
1593 1159 1625 1198 si
1655 1172 1731 1198 no·

218 1226 363 1277 debuit,
391 1225 483 1277 quid
510 1229 698 1265 mutemus
725 1223 926 1263 lectionem
954 1226 1087 1262 contra
1115 1221 1289 1263 codicum
1322 1221 1578 1271 scripturam?
1609 1222 1733 1274 potuit

217 1290 331 1327 etiam
359 1288 604 1338 negationem
630 1291 823 1336 repetere,
860 1290 898 1323 et
929 1290 1084 1335 propter
1119 1286 1274 1334 longam
1312 1285 1465 1333 quidem
1501 1286 1731 1324 sententia-

216 1351 473 1390 interiectam:
503 1362 633 1402 „more
657 1349 847 1399 iuvenum,
875 1347 939 1398 qui
964 1346 1137 1387 militiam
1161 1347 1200 1386 in
1225 1347 1424 1387 lasciviam
1450 1349 1625 1388 vertunt“
1655 1360 1732 1387 res-

217 1413 388 1463 pondent
414 1413 486 1450 sibi
514 1412 723 1462 particulae
750 1422 972 1459 nee-neque
1000 1410 1155 1459 optime.
1208 1410 1357 1449 Eadem
1385 1415 1445 1449 est
1470 1411 1568 1450 ratio
1595 1411 1731 1450 horum

216 1475 497 1526 exemplorum:
534 1473 617 1519 Liv.
645 1473 693 1512 ΙΙ.
730 1473 794 1522 32,
831 1472 1073 1523 conspirasse
1101 1470 1322 1525 (memhra),
1360 1483 1410 1511 ne
1443 1484 1580 1511 manus
1607 1471 1656 1511 ad
1687 1484 1732 1512 os

219 1537 345 1576 cibum
371 1538 501 1586 ferret,
530 1548 602 1575 nec
628 1548 673 1574 os
699 1536 892 1585 acciperet
919 1535 1049 1573 dmum
1077 1547 1150 1573 nec
1175 1534 1329 1584 dentes,
1357 1547 1457 1584 qnae
1484 1536 1731 1585 conficerent3

219 1599 304 1638 Liv.
331 1599 394 1638 IV.
421 1599 458 1649 4,
486 1611 552 1637 cur
572 1609 655 1637 >non
682 1597 860 1647 sancitis,
897 1609 946 1636 ne
982 1597 1130 1637 vicinus
1164 1597 1326 1648 patricio
1352 1597 1403 1637 sit
1429 1598 1623 1649 plebeius,
1661 1610 1733 1638 nec

219 1661 356 1701 eodem
383 1661 519 1700 itinere
546 1665 625 1709 eat3
656 1660 701 1699 V.
728 1661 764 1709 3,
793 1659 1018 1699 interdicitis
1044 1660 1216 1711 patribus
1245 1660 1474 1701 commercio
1499 1661 1646 1712 plebis,
1683 1673 1733 1701 ne

216 1736 292 1762 ,nos
319 1723 499 1762 comitate
522 1734 775 1773 provocemus
802 1722 964 1772 plebem,
992 1732 1065 1761 nec
1078 1722 1193 1772 plebs
1219 1722 1332 1761 nobis
1349 1722 1642 1762 dictoaudiens
1667 1723 1732 1773 sit3

219 1785 302 1825 Liv.
330 1786 380 1824 H.
407 1786 470 1834 24,
497 1797 570 1824 nec
598 1815 607 1824 .
624 1814 633 1823 .
649 1813 658 1822 .
686 1788 751 1823 aut
777 1783 880 1834 plebi
908 1784 1130 1834 honestum,
1166 1796 1291 1834 neque
1327 1784 1500 1835 patribus
1537 1784 1730 1824 decorum.

217 1848 418 1898 Exempla,
445 1859 544 1896 quae
572 1847 728 1886 Wexius
755 1846 838 1896 ipse
865 1846 992 1896 affert,
1019 1858 1108 1886 mea
1133 1846 1325 1886 sententia
1347 1847 1526 1897 ejusdem
1554 1853 1645 1888 sunt
1672 1861 1731 1888 raa—

220 1909 347 1949 tionis.
386 1909 486 1949 Sunt
503 1909 617 1948 haec:
647 1908 726 1948 Cic.
747 1908 796 1947 de
813 1913 951 1947 natura
968 1909 1138 1948 Deorum
1165 1909 1232 1949 ΠΙ.
1252 1909 1316 1949 35.
1356 1910 1430 1960 „At
1454 1910 1554 1949 enim
1584 1911 1733 1950 minora

217 1972 269 2011 dii
298 1972 509 2023 negligunt,
538 1985 610 2011 nec
637 1972 785 2022 agellos
814 1971 1061 2022 singulorum,
1090 1984 1215 2023 neque
1232 1972 1409 2012 viticulos
1435 1978 1731 2024 persequuntur3

209 2035 297 2074 Cic.
325 2035 374 2074 de
402 2040 496 2074 orat.
524 2036 591 2074 111.
617 2036 684 2074 30.
736 2036 844 2085 „Non
874 2034 975 2073 enim
998 2035 1126 2074 solum
1149 2035 1329 2075 acuenda
1355 2036 1468 2075 nobis
1496 2047 1621 2086 neque
1647 2050 1732 2087 pro-

214 2098 390 2137 cudenda
418 2098 551 2148 ling-ua
579 2102 657 2149 est,
694 2097 764 2137 sed
800 2098 1035 2138 onerandum
1073 2098 1418 2150 complendumque
1451 2104 1586 2150 pectus
1614 2100 1732 2139 maxi·

213 2173 358 2200 marum
387 2173 511 2200 rerum
540 2161 653 2212 copia
688 2166 728 2200 et
761 2161 955 2200 varietate.
1010 2161 1093 2200 Liv.
1121 2162 1286 2201 XXXII.
1315 2163 1405 2201 21
1448 2191 1458 2200 .
1491 2175 1541 2201 an
1569 2163 1638 2201 tibi
1666 2176 1732 2213 po-

211 2223 286 2262 tius
314 2224 527 2273 credamus,
555 2225 751 2263 Romanos
774 2234 854 2262 -non
880 2223 1092 2265 maioribus
1111 2224 1242 2276 copiis
1258 2233 1342 2264 {nec
1360 2224 1732 2265 viribus-nuuc-bel—

211 2286 287 2325 lum
316 2298 450 2336 gerere
477 2298 591 2336 quam
620 2289 736 2325 antea
762 2286 1041 2342 gesserintv‘&

344 2411 380 2452 ”)
423 2410 518 2444 Wex.
540 2412 726 2453 prolegom.
748 2421 781 2453 p.
805 2412 866 2444 133
888 2421 939 2453 sq.

346 2474 381 2515 ¹⁵)
425 2474 502 2508 Vid.
525 2475 685 2516 exempla,
708 2484 792 2517 quae
815 2475 911 2508 affert
933 2475 1030 2508 Wex.
1052 2475 1086 2507 in
1108 2475 1236 2517 proleg.
1258 2486 1290 2517 p.
1315 2475 1386 2509 134.

344 2537 379 2577 ¹⁸)
424 2536 474 2570 Cf.
496 2537 554 2569 Kr.
577 2541 709 2569 eommt.
738 2538 809 2570 erit.
825 2548 908 2580 pag.
925 2538 961 2570 8.
1002 2538 1179 2579 .„Denique
1206 2548 1282 2582 non-
1299 2537 1436 2571 amoeni
1462 2541 1580 2580 potest
1600 2536 1731 2581 Wexlo,

209 2599 407 2631 nec-neque
429 2589 606 2631 particulas
614 2590 690 2622 “sibi
712 2596 779 2622 nou
799 2590 1020 2632 wemmam,
1048 2591 1127 2634 quia
1147 2591 1239 2632 prius
1263 2592 1364 2632 ,ποθ’
1379 2594 1498 2624 ·-totum
1519 2592 1731 2625 anund-nm

206 2652 284 2674 cum
312 2642 529 2675 antecedente
557 2642 700 2684 copulet.
735 2642 782 2675 *In
809 2646 968 2685 promptu
997 2647 1049 2676 est
1077 2643 1165 2676 enim
1184 2644 1314 2685 primae
1341 2643 1482 2685 periodo
1502 2643 1637 2677 uterum
1659 2644 1732 2677 eme

204 2696 362 2736 junctura
383 2695 503 2731 addi.“,
