1907 2995
1671 34 1694 75 7

180 143 403 191 structurae,
440 151 554 190 quam
588 136 802 178 sententiae
829 137 1078 179 sustinendae
1104 138 1288 179 curiosior
1326 139 1365 179 in
1401 139 1499 180 libro
1533 140 1691 191 antiquo

179 203 331 244 addidit
356 216 523 253 manum,
551 202 693 253 quippe
721 201 957 253 opinabatur,
985 202 1245 243 centurionem
1269 204 1544 245 contumeliose
1560 205 1691 245 vocari

180 267 352 318 legatum
371 266 649 307 consularem.“
670 264 829 305 Wexius
842 265 956 305 valde
970 270 1103 306 contra
1115 266 1216 305 hanc
1229 267 1457 307 sententiam
1471 268 1691 321 disputat.⁷)

180 330 286 372 Dicit
312 330 435 371 enim:
462 329 627 382 primum
654 327 799 368 nemini
825 327 866 367 in
892 333 1057 370 mentem
1083 329 1214 369 venire
1236 333 1385 382 poterat
1402 331 1487 371 voci
1508 332 1688 383 „servos“

180 394 560 445 interpretamentum
579 392 751 444 adjicere
772 393 994 444 „manum“;
1013 392 1173 433 deinde:
1200 393 1278 445 „ita
1294 394 1466 434 turbatur
1484 394 1689 446 chiasmus,

181 469 296 508 quem
330 469 409 496 non
446 456 581 496 Cicero
617 455 745 506 modo,
782 454 852 494 sed
888 455 1002 496 etiam
1037 456 1195 496 Tacitus
1229 456 1342 496 valde
1377 458 1518 499 amat.“
1547 481 1601 487 —
1626 458 1688 498 Ad

181 519 424 559 refutandam
464 519 599 558 Ritteri
640 518 868 557 sententiam
908 518 968 558 his
1006 519 1136 559 verbis
1174 531 1252 558 non
1291 520 1451 560 multum
1491 525 1559 561 aut
1591 521 1688 560 nihil

184 582 341 622 omnino
382 581 526 621 dictum
567 583 647 620 est:
687 592 778 619 nam
817 580 986 632 profecto
1025 581 1171 622 Rittero
1211 593 1404 632 nunquam
1443 582 1483 623 in
1519 587 1689 623 mentem

182 645 299 696 venit,
327 645 395 684 tali
422 644 538 684 modo
565 644 691 684 locum
710 644 919 695 explicare3
947 657 1020 695 quo
1044 645 1147 685 enim
1164 645 1281 685 verbo
1298 646 1464 686 Ritterus
1483 646 1690 698 contendit,

183 708 271 749 voci
300 708 481 760 „servos“
511 711 693 758 tanquam
719 707 1094 759 interpretamentum
1121 708 1313 759 adjectum
1341 721 1428 749 esse
1453 722 1633 761 „manum
1641 710 1687 749 ‘?“

186 771 392 812 Chiasmus
419 782 515 810 sane
542 770 715 810 turbatur
740 769 814 810 hoc
840 770 936 821 loco,
964 771 1033 811 sed
1059 771 1133 811 hoc
1159 771 1329 822 profecto
1364 773 1473 823 parvi
1508 773 1691 813 momenti

185 838 265 874 est.
293 833 538 873 inveniuntur
564 833 685 872 multa
711 833 886 883 exempla
911 846 987 873 non
1013 833 1137 873 solum
1164 834 1268 884 apud
1294 835 1469 875 Tacitum
1488 835 1557 875 sed
1575 835 1692 876 etiam

187 897 292 947 apud
320 897 558 946 Ciceronem,
586 896 626 934 in
653 896 791 945 quibus
818 895 1008 936 chiasmus
1034 896 1207 936 turbatus
1233 900 1303 936 est.

782 1074 1007 1124 CAPUT
1034 1074 1103 1123 11.

644 1148 717 1194 DE
749 1163 898 1194 FALsoe
930 1162 1236 1194 enossssmm.

312 1242 523 1293 Postquam
563 1241 721 1283 Tacitus
761 1241 801 1281 in
840 1241 1034 1293 prooemio
1071 1252 1209 1281 causas
1245 1253 1311 1281 cur
1346 1241 1553 1293 scripturus
1588 1246 1691 1282 esset

186 1305 288 1345 hunc
314 1306 453 1345 librum
486 1305 598 1345 nobis
635 1304 829 1356 exposuit,
869 1304 994 1355 capite
1020 1307 1153 1354 quarto
1179 1304 1231 1344 ad
1261 1317 1342 1345 rem
1373 1306 1497 1356 ipsam
1527 1309 1689 1345 tractan-

186 1367 277 1407 dam
303 1367 559 1419 progreditur.

440 1441 512 1481 Cn.
557 1439 683 1481 Julius
727 1438 909 1490 Agricola
947 1442 1076 1478 vetere
1116 1442 1155 1479 et
1193 1439 1330 1480 illustri
1369 1440 1690 1492 Forojuliensium

440 1508 556 1554 ortus,
591 1508 790 1553 utrumque
826 1515 941 1542 avum
974 1503 1261 1543 Procuratorem
1299 1504 1504 1544 Caesarum
1537 1503 1690 1544 habuit:

447 1580 596 1620 „quae
631 1565 885 1617 equestris
912 1565 1160 1606 nobilitas
1188 1566 1300 1606 est.“

311 1645 373 1684 Ita
406 1643 447 1683 in
488 1642 665 1683 omnibus
702 1641 899 1681 codicibus
937 1640 1088 1690 legitur.
1142 1640 1232 1680 Jam
1267 1640 1485 1681 Weikertus
1520 1638 1692 1679 oneravit

186 1707 307 1747 verba
336 1718 485 1758 „quae
513 1704 773 1755 equestris
808 1702 1059 1742 nobilitas
1093 1703 1191 1741 est“
1221 1725 1274 1731 -
1299 1702 1544 1752 glossematis
1570 1701 1692 1752 suspi-

188 1771 319 1811 cione:
356 1769 540 1821 quidquid
567 1768 786 1819 significant
812 1766 908 1805 haec
934 1765 1062 1816 verba,
1098 1765 1230 1815 inquit,
1266 1764 1361 1804 satis
1387 1764 1427 1803 id
1453 1768 1584 1803 notum
1610 1768 1693 1803 erat

189 1833 420 1884 legentibus.
448 1834 509 1872 De
535 1836 615 1870 tam
641 1831 787 1870 lubrico
814 1831 1038 1878 argumento
1056 1840 1106 1867 ne
1123 1828 1281 1867 verbum
1300 1828 1454 1877 quidem
1472 1827 1692 1866 amittimus.

186 1897 282 1936 Post
320 1895 558 1936 Weikertum
597 1892 755 1933 Wexius
796 1902 944 1931 summo
983 1889 1119 1929 ardore
1158 1889 1255 1929 haec
1290 1890 1409 1929 verba
1444 1888 1691 1941 impugnat-⁸)

188 1960 343 1999 Refutat
377 1959 542 2010 primum
568 1956 733 1996 Walchii
760 1954 988 1995 sententiam
1015 1953 1065 1993 de
1091 1953 1165 1993 hoc
1191 1953 1296 2003 loco,
1332 1952 1472 1992 deinde
1506 1950 1693 1992 Waltheri

188 2022 420 2063 sententiam
447 2024 486 2060 et
511 2019 609 2058 haec
636 2018 686 2057 de
712 2018 773 2057 his
799 2017 926 2057 verbis
953 2015 1131 2056 dicim...
1160 2027 1208 2055 ex
1233 2015 1294 2055 his
1321 2015 1497 2055 omnibus
1531 2018 1693 2065 apparet

187 2084 357 2125 novitiae
382 2082 541 2134 originis
569 2092 655 2121 esse
680 2080 754 2119 hoc
780 2079 1097 2128 additamentum,
1124 2078 1310 2117 intrusum
1338 2078 1388 2116 ab
1415 2076 1570 2116 homine
1598 2076 1694 2115 satis

189 2148 315 2199 docto,
351 2147 416 2198 qui
448 2146 573 2195 sciret,
608 2146 883 2195 procuratores,
924 2140 987 2191 qui
1022 2153 1101 2180 non
1129 2140 1275 2190 equites
1302 2143 1441 2190 essent,
1478 2142 1693 2189 equestrem

189 2212 417 2264 dignitatem
453 2209 528 2250 sibi
564 2212 602 2248 et
637 2218 731 2247 suae
765 2205 872 2257 genti
906 2215 1142 2257 procurasse.
1177 2226 1229 2232 —
1263 2202 1481 2252 Videamus,
1517 2201 1609 2251 quid
1644 2201 1694 2240 sit

188 2275 433 2316 tribuendum
458 2272 585 2313 Wexii
612 2270 837 2312 sententiae.

315 2347 487 2388 Primum
524 2344 682 2387 Wexius
721 2355 865 2395 negare
903 2354 979 2382 non
1019 2343 1165 2393 potest,
1205 2339 1246 2379 in
1285 2338 1462 2379 omnibus
1497 2337 1694 2378 codicibus

188 2412 309 2452 verba
338 2423 461 2463 „quae
488 2408 675 2459 equestris
701 2407 881 2447 nobilitas
909 2406 1000 2455 est‚“
1029 2405 1178 2445 inesse:
1205 2403 1279 2443 hoc
1295 2403 1467 2454 profecto
1485 2414 1573 2442 eum
1591 2406 1694 2442 certe

190 2474 401 2515 cautiorem
427 2472 468 2512 in
497 2470 646 2523 judicio
681 2469 843 2509 reddere
877 2468 1061 2508 debebat:
1102 2466 1242 2506 deinde
1269 2466 1351 2505 eius
1378 2464 1618 2505 ratiocinatio
1647 2477 1696 2505 ex

189 2550 280 2577 mea
305 2536 461 2587 quidem
488 2533 679 2575 sententia
704 2546 782 2573 non
801 2535 860 2573 est
876 2535 954 2572 tam
972 2530 1082 2570 firma
1097 2541 1222 2580 neque
1240 2532 1319 2569 tam
1337 2541 1440 2580 vera,
1467 2532 1509 2568 ut
1532 2528 1697 2568 Walchii

193 2613 321 2619 ················
319 2643 345 2684 ”)
346 2610 687 2685 ”mcin'mprdlegomena
706 2649 740 2681 p.
762 2639 834 2672 120.

320 2694 345 2736 ⁸)
390 2694 432 2727 cf.
453 2693 689 2735 prolegomena
710 2701 742 2732 p.
765 2692 836 2723 112.
