1907 2995
1658 19 1713 75 'fl
1745 64 1748 67 ,

202 130 288 170 und
311 131 383 170 der
408 132 533 172 Fama
560 134 762 186 qleich'bam
788 135 1017 176 den'Bun'en
1037 136 1205 189 Qffnetej
1231 137 1288 177 bis
1314 131 1709 192 auf‘don²³ffl69m

207 194 289 248 Tay
314 196 537 248 yoechmzt.“
585 196 690 237 Sane
716 196 928 250 ingeniosa,
956 199 1025 240 sed
1051 204 1180 240 tamen
1206 214 1283 241 non
1310 200 1470 242 ferenda
1486 195 1712 254 explicatio!

201 279 254 285 ——
280 257 357 296 Alii
383 258 609 309 interpretes
636 260 761 299 locum
789 260 1014 301 coniecturis
1041 262 1247 313 persanare
1273 264 1474 303 volebant:
1499 259 1710 303 Rhenanus

202 319 395 360 scribebat
419 332 490 372 pro
515 320 643 362 famae
660 345 715 351 —
732 322 846 374 fama,
874 335 966 364 casu
992 328 1112 376 sexto,
1139 325 1165 366 i.
1193 337 1226 365 e.
1251 338 1322 378 per
1346 326 1490 367 famam
1515 326 1707 378 defendit3

200 395 277 433 qua
302 383 343 422 in
365 383 590 424 >coniectura
616 385 887 435 acquieverunt
913 388 1045 427 Muret.
1072 388 1194 429 Boxh.
1231 389 1391 429 Gesner.
1426 413 1480 420 -—
1515 390 1709 441 Tmspo-

200 444 468 486 nebanthaec
493 446 613 486 verba
638 447 835 488 Acidalius
870 452 909 489 et
942 450 1155 501 Broterius,
1192 451 1257 491 ille
1292 452 1375 491 vel:
1410 461 1587 492 recessus
1602 465 1604 467 ’
1621 451 1708 503 ipse

201 519 249 547 ae
275 507 382 548 sinus
407 505 536 548 sumne
561 509 624 549 vel
651 509 756 550 fama
782 510 962 563 (namque
988 525 1101 553 omne
1127 512 1301 564 ignotum
1318 526 1388 565 pro
1405 514 1611 565 magnifico
1630 514 1707 567 est)

200 569 241 609 in
267 569 370 610 hunc
395 571 499 610 diem
526 571 716 623 defendit3
744 586 845 613 nnnc
870 578 976 614 term.
1004 576 1067 615 Βι·.
1094 579 1195 627 pat.;
1222 577 1284 616 vel
1310 577 1383 616 ita:
1419 588 1595 617 recessus
1621 577 1708 628 ipse

201 646 249 676 ac
275 633 383 673 sinus
410 634 449 673 in
476 634 515 674 b.
543 635 581 674 d.
609 635 685 675 def.
739 638 894 688 Famae,
931 651 1095 689 namque
1131 651 1244 679 omne
1270 639 1443 689 ignotum
1468 651 1539 690 pro
1574 651 1706 689 magn.

202 699 280 747 est3
321 708 423 737 nunc
449 700 557 738 term.
585 698 647 738 Βι·.
676 702 792 750 patet.
846 700 920 741 Hic
945 701 984 740 in
1011 701 1113 741 hunc
1148 701 1324 742 modum:
1360 700 1468 742 sinus
1502 700 1630 741 tamne
1664 700 1707 742 in

202 760 304 799 bunc
330 760 430 799 diem
460 760 640 811 defendit,
669 767 782 812 atque
809 776 922 802 omne
947 764 1119 813 ignotum
1145 777 1203 815 pr.
1230 777 1360 813 magn.
1388 768 1466 803 est:
1507 763 1579 803 sed
1604 775 1707 804 nunc

201 825 308 862 term.
345 823 409 863 Βι·.
445 827 552 875 patet
588 848 639 855 ——
675 825 794 865 Boxh.
831 825 926 866 situs
961 839 1030 878 pro
1067 826 1174 866 sinus
1209 826 1375 865 volebat.
1410 849 1463 855 —
1497 825 1583 877 Ego
1617 837 1707 866 cum

200 886 347 936 Wexio,
362 886 471 926 cuius
499 889 690 928 sententia
715 889 764 928 de
791 893 920 929 nostro
947 890 1032 929 loco
1059 889 1153 929 mihi
1170 889 1285 929 valde
1308 888 1517 940 probabilis
1543 887 1704 939 videtur,

200 960 333 987 vocem
365 949 537 999 „sinum“
566 964 635 1001 per
661 951 922 1001 metaphoram
940 964 1009 1002 pro
1026 951 1221 1002 praesidio
1239 951 1382 990 dictum
1400 950 1560 1001 accipio.
1602 950 1707 990 Satis

201 1010 359 1051 Wexius
378 1011 486 1052 lianc
512 1012 665 1053 dicendi
691 1013 877 1053 rationem
906 1013 1096 1065 exemplis·
1124 1012 1348 1054 illustravit:
1392 1016 1434 1053 ut
1469 1012 1606 1053 Seuec.
1642 1024 1704 1065 ep.

203 1074 278 1112 103
309 1079 513 1124 „qua-ntum
541 1080 668 1115 autem
704 1080 825 1126 potes,
863 1076 902 1114 in
928 1076 1210 1126 philosophiam
1246 1075 1402 1125 decede,
1442 1075 1511 1114 illa
1544 1079 1584 1114 te
1619 1075 1706 1115 sinu

202 1148 272 1175 suo
299 1140 494 1186 proteget:
522 1136 562 1176 in
588 1137 701 1177 huius
729 1137 894 1177 sacrario
922 1137 995 1177 eris
1022 1142 1088 1179 aut
1114 1142 1217 1178 tutus
1235 1141 1301 1178 aut
1318 1137 1443 1177 tutior.
1489 1137 1569 1178 Cic.
1589 1137 1704 1178 Tusc.

199 1200 244 1237 V.
273 1199 325 1237 25
345 1228 355 1237 .
372 1228 381 1237 .
398 1229 407 1238 .
435 1199 474 1238 in
501 1200 768 1251 philosophiae
795 1200 936 1251 sinum,
965 1214 1077 1251 quum
1106 1214 1131 1240 a
1156 1201 1288 1251 primis
1315 1200 1549 1252 temporibus
1567 1199 1705 1240 aetatis

200 1265 332 1302 nostra
358 1262 535 1303 voluntas
563 1263 804 1314 studiumque
830 1276 901 1303 nos
929 1263 1184 1316 compulisset,
1211 1263 1272 1304 his
1295 1263 1532 1315 gravissimis
1551 1262 1706 1303 casibus

201 1325 240 1363 in
273 1324 438 1365 eundem
473 1330 623 1375 portum
649 1349 701 1354 —
728 1327 967 1376 confugimus
993 1350 1044 1355 —
1070 1327 1149 1365 alia
1183 1327 1244 1366 his
1281 1327 1421 1366 similia
1458 1327 1633 1378 exempla
1667 1340 1705 1365 v.

201 1399 264 1438 ap.
291 1387 537 1440 Wexium.2⁵)
591 1389 674 1428 Hoc
710 1387 824 1428 modo
860 1388 1057 1439 aptissime
1093 1388 1298 1428 cohaerent
1334 1389 1430 1428 haec
1463 1388 1582 1428 verba
1617 1400 1704 1428 cum

200 1449 260 1499 iis,
288 1461 386 1499 quae
414 1453 630 1500 sequuntur,
658 1463 759 1490 nnuc
785 1454 893 1489 term.
920 1451 983 1489 Βι·.
1010 1454 1127 1501 patet.
1172 1452 1282 1490 Nunc
1308 1450 1349 1489 id
1375 1463 1492 1489 unum
1518 1449 1704 1499 reliquum

200 1515 260 1552 est
284 1534 337 1540 —
362 1515 405 1552 ut
430 1512 528 1552 bene
554 1512 819 1563 interpretatur
845 1513 964 1563 Wex.‚
990 1516 1031 1552 ut
1057 1513 1190 1562 quales
1217 1512 1337 1551 habiti
1351 1512 1481 1562 simus,
1508 1511 1606 1551 tales
1633 1523 1705 1551 nos

200 1575 454 1625 praebeamus
494 1574 674 1626 factis.⁹⁸)
727 1575 857 1614 Altera
897 1574 1103 1613 difficultas
1141 1575 1243 1613 inest
1281 1575 1321 1612 in
1360 1574 1488 1613 verbis
1532 1578 1704 1624 „atque

200 1650 341 1678 omne
367 1637 592 1689 ignotum
618 1650 704 1690 pro
731 1636 1005 1689 magnifico
1034 1637 1146 1677 est.“
1166 1660 1218 1666 —
1235 1636 1311 1677 Pro
1332 1637 1492 1688 „atque“
1514 1635 1705 1676 scribebat

198 1701 407 1740 Rhenanus
438 1701 589 1750 „atqui“
618 1723 671 1728 —
698 1701 814 1739 Gesn.
843 1700 988 1739 Waleh.
1016 1703 1055 1738 et
1081 1700 1148 1738 alii
1183 1700 1418 1750 recipiebant
1452 1699 1551 1737 hauc
1587 1700 1704 1749 scrip-

200 1766 336 1804 turam.
384 1762 463 1813 Sed
489 1766 592 1802 recte
613 1762 697 1813 jam
725 1775 750 1802 a
775 1761 969 1801 Walthero
996 1764 1034 1800 et
1060 1773 1182 1812 nuper
1208 1760 1323 1800 etiam
1346 1772 1372 1800 a
1387 1760 1522 1800 Wexio
1540 1759 1705 1800 refutata

202 1829 272 1864 est.
330 1826 501 1876 „Atque“
533 1824 628 1864 duas
657 1824 852 1874 coniungit
878 1823 1097 1873 sententias,
1134 1835 1233 1873 quae
1266 1823 1405 1862 eodem-
1428 1822 1543 1862 modo
1571 1835 1613 1861 se
1641 1835 1703 1861 ex-

199 1888 354 1939 cipiunt,
383 1900 457 1937 quo
485 1900 601 1938 supra
627 1899 800 1926 recessus
828 1899 874 1925 ac
901 1885 1006 1925 sinus
1032 1884 1170 1924 famae.
1215 1885 1371 1924 Wexius
1398 1884 1473 1924 ista
1499 1884 1617 1924 verba
1633 1897 1703 1935 pro

200 1949 430 2003 proverbiali
458 1949 647 1989 locutione
674 1949 809 2000 habet3
838 1948 908 1988 sed
934 1947 1004 1987 hoc
1019 1947 1132 1987 modo
1151 1947 1390 1998 perturbatur
1407 1946 1481 1986 loci
1501 1946 1702 1987 sententia.

197 2013 365 2053 Ritterus
391 2013 509 2052 verba
536 2003 779 2063 glossematis
812 2010 1029 2061 suspicione
1065 2009 1248 2049 oneravit.
1302 2009 1506 2050 Contendit
1533 2008 1703 2062 enim‚²⁷)

201 2076 320 2116 verba
349 2079 487 2127 „atque
515 2087 627 2116 omne
654 2075 733 2125 ign.
761 2086 830 2125 pro
857 2085 985 2122 magn.
1014 2073 1109 2122 est,“
1145 2072 1184 2111 in
1211 2072 1383 2122 margine
1410 2084 1435 2111 a
1461 2071 1588 2112 scriba
1613 2084 1704 2121 quo-

202 2138 292 2179 dam
320 2138 471 2179 adiecta
498 2150 584 2178 esse
610 2137 661 2177 ad
688 2134 915 2188 explicanda
932 2134 1049 2174 verba
1070 2146 1267 2185 „recessus
1285 2134 1368 2185 ipse
1387 2146 1434 2173 ac
1452 2133 1558 2173 sinus
1575 2133 1703 2173 famae

202 2200 408 2241 defendit.“
463 2201 548 2240 Hac
573 2200 614 2240 in
640 2211 681 2239 re
717 2212 803 2239 cum
839 2197 983 2238 Rittero
1019 2197 1233 2236 consentire
1268 2209 1345 2236 11011
1380 2208 1550 2247 possum.
1603 2197 1704 2236 Nam

201 2263 372 2315 profecto
407 2263 527 2303 verba
565 2266 703 2313 „atque
738 2272 851 2301 omne
884 2259 1054 2311 ignotum
1089 2271 1158 2310 pro
1199 2258 1402 2308 magnifico
1440 2258 1521 2297 est“
1558 2257 1706 2298 addunt

329 2388 372 2431 ²⁵)
417 2389 467 2423 cf.
488 2389 585 2422 Wex.
606 2388 733 2430 proleg.
754 2397 787 2429 p.
809 2386 871 2419 128
892 2388 926 2419 et
946 2384 1189 2418 annotationem
1212 2384 1255 2417 ad
1276 2386 1424 2416 nostrum
1445 2384 1554 2416 locum
1576 2393 1609 2425 p.
1631 2383 1704 2417 282.

330 2452 372 2495 ²⁵.)
414 2452 472 2486 Ad
508 2451 733 2486 illustrandam
771 2448 964 2484 mutentiam
998 2446 1135 2481 Wexius
1168 2447 1216 2481 ita
1245 2455 1316 2480 eam
1346 2446 1519 2480 describit:
1571 2445 1705 2480 Bieher

199 2498 354 2539 sohvtzte
373 2515 444 2539 uns
464 2514 591 2539 uasere
610 2501 879 2547 abqeschiedm
898 2500 1011 2535 Fer-ne
1031 2500 1107 2534 vmd
1126 2499 1191 2533 der
1210 2499 1379 2543 beryende
1394 2497 1524 2533 18choe
1544 2498 1605 2531 dec
1623 2497 1698 2532 Ru—

190 2555 254 2601 fes
276 2555 361 2601 (mit
380 2556 514 2591 seinem
527 2554 710 2599 Nimbus),
722 2554 814 2600 jetzt
834 2552 883 2587 ist
902 2553 970 2586 das
983 2550 1182 2596 Heiliytmn
1201 2548 1352 2596 qebffnet
1372 2551 1449 2584 und
1468 2550 1532 2584 der
1550 2549 1707 2584 Nimbus

200 2611 372 2643 maerent
391 2609 469 2642 und
488 2607 556 2642 mit
577 2607 651 2641 ihm
672 2605 731 2640 die
752 2604 878 2650 heiliye
899 2603 1012 2639 Scheu
1032 2602 1235 2637 ver-nichtet.
1279 2603 1385 2636 Beuel

328 2673 370 2713 ³⁷)
414 2673 464 2706 Cf.
486 2673 539 2705 Fr.
561 2672 668 2705 Bitter
689 2671 767 2703 Tac.
789 2679 879 2711 oper.
901 2672 979 2702 tom.
1000 2667 1057 2701 IV.
1079 2677 1112 2709 p.
1135 2668 1205 2700 130.
