1907 2995
214 45 237 86 8

212 149 401 189 sententia
427 148 619 187 refutetur.
674 147 743 186 Est
772 157 902 184 revera
939 144 1145 184 discrimen
1173 143 1272 184 inter
1307 143 1471 194 equites,
1501 144 1604 195 quod
1631 144 1726 187 satis

212 211 377 252 dilucide
404 209 589 262 Walch.⁹)
617 208 891 249 demonstravit
918 212 957 247 et
983 207 1141 247 Wexius
1160 219 1310 257 quoque
1329 207 1575 260 concedit.¹⁰)
1602 209 1725 250 Affert

212 274 358 315 Walch.
394 276 500 314 recte
537 272 674 313 Dionis
712 272 836 313 Cassii
871 271 990 313 verba
1016 271 1041 311 l.
1068 272 1186 321 LVI.,
1233 282 1265 309 c.
1303 270 1367 311 27.
1403 282 1440 321 p.
1467 271 1559 312 286.
1599 272 1724 313 Reim-

214 342 314 387 ῃ’τοῖς
342 339 485 373 ἱππεῦσι
511 335 573 383 τὴν
601 337 801 383 δημαρχίαν
834 338 978 381 αἰτῆσαι
1016 335 1222 383 ἐπέτρεψε,“
1262 337 1300 373 et
1336 334 1538 386 Caligulae
1567 334 1724 384 jussum

211 399 302 439 anni
331 399 443 446 1791,
471 397 574 447 qnod
601 397 790 436 invenitur
817 396 919 447 apud
947 397 1036 437 Dio.
1066 396 1242 437 Cassium
1270 395 1381 446 LIX„
1411 408 1444 436 e.
1483 397 1520 438 9.
1556 409 1595 448 p.
1633 397 1724 440 912.

212 463 333 504 Reim.
382 464 481 512 „Tofi
509 462 631 504 τέλους
665 462 730 497 τοῦ
766 463 836 496 τῶν
873 461 1007 498 ἱππέων
1044 459 1328 509 ὀλιγανδροῦτος,
1364 459 1451 503 τοὺς
1485 459 1650 507 πρώτους
1686 461 1726 505 ἐξ

213 526 356 573 ἁπάσης
383 524 458 576 (καὶ
484 527 547 572 τῆς
574 522 661 575 ἔξω)
690 523 800 572 ἀρχῆς
825 528 902 565 τοῖς
928 536 966 561 τε
991 523 1177 572 συγγενέσι,
1206 524 1265 562 καὶ
1283 527 1364 566 ταῖς
1381 524 1603 569 περιουσίαις
1619 536 1725 571 μετα·

213 588 447 638 μεμψάμενος
472 588 696 633 κατελέξατο.
743 588 821 623 Καί
844 599 933 624 τισιν
960 585 1077 623 αὐτῶν
1103 588 1163 623 καὶ
1189 588 1233 633 τῇ
1262 587 1393 632 ἐσθῆτι
1423 587 1467 631 τῆ
1504 587 1724 636 βουλευτικῆ,

214 655 274 689 καὶ
299 655 381 700 πρὶν
407 649 517 699 ἄρξαι
542 652 620 690 τινὰ
648 651 767 700 ἀρχὴν,
797 650 840 688 δι’
869 645 910 697 ἧς
929 652 964 692 ἐς
981 648 1044 697 τὴν
1062 650 1248 698 γερουσίαν
1266 648 1493 698 ἐσερχόμεθα
1512 649 1677 697 χρῆσθαί
1691 663 1726 686 τι

216 716 274 751 ἐπὶ
299 717 342 763 τῇ
369 717 431 762 τῆς
457 715 588 763 βουλῆς
615 715 730 751 ἐλπίδι.
759 711 898 750 ἔδωκεν.
925 734 978 742 ---

340 787 591 836 Eligebantur
617 790 880 837 procuratores
908 798 956 825 ex
992 784 1259 836 equitibus3¹¹)
1287 784 1435 834 equites
1471 784 1545 824 hoe
1580 783 1725 824 honore

215 849 268 889 ad
293 849 466 890 altiorem
493 848 653 900 gradum
679 848 963 900 perveniebant,
999 847 1181 890 laticlavii
1217 846 1452 897 dicebantur,
1488 846 1551 886 vel
1577 845 1725 897 equites

217 911 395 952 illustres.
438 913 578 952 Nostro
605 912 689 951 loeo
717 911 873 950 Tacitus
900 911 954 950 nil
981 910 1086 950 aliud
1113 910 1216 960 dicit,
1253 910 1328 949 nisi
1355 910 1461 950 illam
1498 909 1726 959 dignitatem

220 974 415 1026 (Caesaris
442 975 713 1026 procuratoris)
742 974 792 1013 ad
819 974 991 1014 altiorem
1025 973 1187 1024 gradum
1226 973 1406 1024 „illustris
1443 972 1603 1023 equitis“
1642 984 1726 1024 per-

220 1036 371 1076 ducere.
408 1038 513 1076 Bene
540 1037 613 1076 hoc
635 1038 718 1087 jam
738 1036 884 1076 monuit
901 1036 1048 1075 Walch.
1076 1036 1101 1074 l.
1130 1048 1162 1075 c.
1192 1035 1282 1085 Sed,
1310 1035 1432 1085 inquit
1448 1035 1617 1085 Wexius,
1636 1039 1726 1074 ante

218 1100 349 1139 omnia
374 1100 415 1139 id
442 1099 780 1139 demonstrandum
809 1103 877 1149 est,
913 1098 1167 1150 procuratoris
1200 1110 1337 1138 munus
1369 1098 1447 1137 tale
1482 1097 1612 1148 fuisse,
1649 1110 1724 1147 quo

219 1162 339 1201 functi
366 1162 512 1211 equites
547 1162 690 1212 insigni
725 1162 792 1202 illo
828 1161 1056 1211 cognomine
1091 1161 1446 1202 cohonestarentur!
1484 1160 1725 1210 Quamquam

216 1223 290 1263 hoc
319 1224 503 1276 exemplis
530 1224 683 1274 quidem
710 1224 862 1275 probari
889 1236 966 1262 non
993 1227 1137 1275 potest,
1185 1227 1313 1262 tamen
1349 1235 1391 1262 re
1426 1223 1513 1274 ipsa
1549 1227 1608 1265 est
1644 1236 1722 1262 ma-

218 1286 410 1326 nifestum.
467 1286 639 1326 Aderant
673 1290 955 1338 procuratores,
1001 1285 1065 1337 qui
1101 1285 1185 1325 vice
1220 1285 1408 1337 praesidis
1443 1285 1483 1324 in
1520 1285 1726 1337 provinciis

212 1348 281 1399 jus
308 1348 507 1398 dicebant3
536 1349 629 1387 satis
658 1348 824 1387 dilucide
850 1348 923 1386 hoc
951 1349 1074 1386 elucet
1102 1360 1149 1386 ex
1176 1348 1263 1386 Dio.
1293 1349 1402 1387 Cass.
1430 1348 1558 1388 verbis
1585 1348 1680 1397 Lx„
1699 1348 1724 1386 9

217 1415 257 1450 et
283 1423 331 1450 ex
358 1412 451 1450 Tac.
480 1411 565 1450 hist.
594 1413 635 1460 1.,
676 1413 721 1449 11
752 1410 1076 1462 („Aegyptum...
1107 1411 1192 1460 jam
1229 1411 1318 1449 inde
1355 1424 1380 1449 a
1414 1410 1504 1450 divo
1539 1411 1725 1461 Augusto,

217 1473 365 1522 equites
391 1474 554 1512 Romani
583 1473 755 1512 obtinent
780 1473 865 1512 loco
892 1485 1026 1523 regum
1036 1473 1063 1525 3)
1091 1473 1182 1522 quid
1209 1473 1427 1522 significant
1453 1473 1587 1512 ultima
1609 1473 1727 1512 verba

216 1535 332 1585 aliud,
370 1535 444 1575 nisi
471 1535 558 1575 illos
596 1536 752 1585 equites,
790 1536 854 1586 qui
889 1539 1153 1586 procuratores
1189 1539 1307 1585 erant,
1344 1539 1491 1575 tantum
1527 1535 1725 1586 dignitatis

215 1597 409 1647 habuisse,
446 1601 487 1637 ut
522 1597 617 1636 nihil
649 1609 780 1649 prope,
816 1597 888 1636 nisi
917 1610 1057 1637 nomen
1084 1598 1230 1648 regium
1258 1597 1450 1636 defuerit?
1497 1598 1633 1636 Nonne
1669 1598 1726 1636 illi

215 1663 482 1710 procuratores
509 1659 651 1710 insigni
688 1660 753 1699 illo
790 1659 1017 1710 cognomine
1054 1660 1429 1700 cohonestabantur?
1476 1660 1561 1708 Quo
1598 1665 1726 1700 autem

210 1722 299 1772 jure
326 1722 485 1761 Wexius
513 1722 760 1771 contenderit,
789 1734 855 1761 eos
883 1721 1041 1772 equites,
1070 1723 1133 1772 qui
1161 1723 1212 1762 ad
1239 1723 1411 1762 altiorem
1430 1723 1592 1773 gradum
1610 1728 1726 1773 atque

213 1785 447 1824 senatorium
482 1784 655 1825 ordinem
691 1785 972 1836 adspirassent,
1014 1785 1270 1835 procuratoris
1306 1798 1444 1825 munus
1480 1786 1647 1826 evitasse
1687 1789 1726 1825 et

212 1847 419 1898 respuisse,
447 1847 664 1899 perspicere
683 1859 759 1886 non
777 1847 1002 1898 possum.¹²)
1047 1848 1208 1887 Retineo
1226 1848 1342 1898 igitur
1360 1848 1536 1888 codicum
1555 1848 1724 1888 omnium

212 1910 451 1959 scripturam.
462 1910 509 1961 ¹³)

355 1984 624 2053 vcf'wssiish.
647 2014 726 2048 Tae.
750 2014 832 2057 Agr.
855 2024 887 2056 p.
910 2014 972 2048 135
994 2017 1028 2047 et
1051 2015 1120 2046 136.

344 2075 379 2116 ¹⁰)
423 2076 473 2111 Cf.
497 2077 591 2109 Wex.
613 2077 848 2121 prolegomena
869 2087 900 2120 p.
925 2078 995 2111 112.

342 2139 376 2179 ¹¹)
421 2138 470 2172 Cf.
492 2140 589 2173 Ferd.
613 2140 738 2174 Walter
760 2141 844 2175 rb‘m.
866 2139 1189 2183 Rechtsqeschichte
1218 2141 1238 2174 1.
1263 2143 1292 2174 1.
1323 2151 1394 2183 cap.
1416 2141 1572 2177 XXVIII.
1601 2152 1634 2186 p.
1650 2143 1723 2178 298.

340 2202 375 2244 ¹²)
418 2203 510 2237 Bene
532 2204 688 2239 disseruit
710 2204 752 2237 de
774 2200 1017 2247 significatione
1040 2204 1133 2240 vocis
1155 2204 1339 2240 nobilitatis
1360 2205 1485 2242 Frider.
1507 2205 1667 2241 Kritzius.
1689 2216 1721 2240 v.

204 2254 236 2286 d.
260 2255 292 2286 in
315 2256 594 2288 commentatione
616 2256 744 2288 critica:
766 2267 842 2298 pag.
865 2257 885 2288 6
908 2256 989 2288 dicit
1011 2256 1111 2289 haec:
1144 2257 1328 2290 nobilitatis
1356 2257 1555 2292 vocabulum
1577 2257 1631 2291 hie
1652 2268 1721 2294 non

202 2307 338 2349 antiquo
361 2308 418 2341 illo
441 2312 483 2350 et,
507 2312 544 2341 ut
565 2309 612 2342 ita
633 2309 751 2350 dicam,
773 2309 910 2351 politico
934 2318 1033 2342 sensu
1055 2309 1200 2350 positum
1224 2312 1291 2351 est3
1325 2309 1385 2343 sed
1407 2315 1445 2343 ut
1465 2309 1590 2343 nobilis
1611 2310 1721 2344 adiee-

201 2360 306 2391 tivum
329 2370 396 2392 non
418 2361 527 2392 solum
548 2366 671 2393 certam
695 2361 919 2393 conditionem
942 2361 1084 2400 civilem,
1112 2362 1173 2394 sed
1204 2362 1303 2394 etiam
1333 2363 1569 2402 praestantiam
1592 2363 1626 2395 in
1648 2364 1720 2395 uni-

201 2422 334 2446 versum
356 2413 519 2456 designat,
542 2414 589 2448 ita
610 2413 697 2449 idem
720 2413 764 2449 de
785 2412 997 2449 substantivo
1020 2412 1119 2449 valet.

334 2476 370 2516 ¹³)
392 2477 444 2509 De
465 2478 689 2517 procuratoris
718 2478 910 2511 muneribus
941 2478 1023 2511 dicit
1051 2477 1088 2510 F.
1116 2477 1243 2512 Walter
1271 2477 1371 2512 haee:
1402 2478 1471 2518 (lib.
1503 2479 1533 2514 1.
1562 2478 1600 2515 C.
1630 2477 1720 2515 XXI.

199 2538 231 2571 p.
254 2528 317 2562 317
339 2526 512 2563 rb'mische
532 2528 874 2576 Rechtsqeschichte)
904 2527 1110 2569 Qudstoren
1136 2529 1206 2575 aab
1229 2540 1265 2565 es
1286 2528 1328 2566 in
1349 2529 1419 2565 den
1440 2528 1640 2568 Provinzen
1660 2529 1722 2567 des

199 2580 352 2615 Kaisers
381 2581 502 2622 nicht;
540 2585 630 2615 εὐαέι
659 2583 765 2616 deren
794 2584 915 2617 wurde
945 2582 986 2616 in
1006 2582 1092 2627 jede
1121 2582 1181 2617 ein
1202 2583 1392 2618 besoldeter
1412 2582 1631 2617 Procurator
1651 2594 1721 2619 aus

199 2633 268 2668 den
291 2633 437 2669 Rittern
459 2634 544 2669 oder
566 2634 805 2669 kaiserlichen
827 2634 1125 2681 Freiqelassenen
1152 2634 1351 2681 gechIct,
1379 2635 1443 2670 der
1471 2634 1531 2672 die
1552 2634 1720 2680 Abyaben

198 2689 276 2721 und
297 2687 505 2732 Einkiinfte
518 2688 592 2732 fiir
613 2690 682 2722 den
704 2687 877 2733 Princeps
899 2688 1015 2729 erhab,
1045 2690 1114 2728 den.
1146 2689 1320 2734 Truppcn
1348 2688 1407 2725 die
1436 2688 1615 2734 Lfihnunq
1636 2699 1718 2723 aus-
