1907 2995
787 221 1014 271 CAPUT
1055 221 1095 269 I.

389 300 462 344 DE
494 313 621 344 vmus
654 309 950 343 GLOSSEMA'ns
982 310 1028 339 m
1060 294 1221 339 TAcrn
1252 292 1500 339 AemconA.

311 392 423 432 Certe
458 395 517 430 est
551 389 666 430 valde
702 388 855 428 difficile
888 386 1168 437 demonstrare,
1205 384 1397 437 quomodo
1433 385 1626 425 invectum
1654 386 1705 425 sit

186 456 399 505 glossema,
427 466 544 504 quare
571 453 611 492 id
639 465 791 503 semper
816 451 1025 491 tenendum
1053 456 1122 502 est,
1151 464 1200 490 ne
1227 455 1372 490 temere
1400 450 1449 490 de
1476 450 1550 490 hac
1577 463 1618 490 re
1640 450 1704 501 ju-

187 516 370 557 dicemus.
423 516 579 556 Minime
606 516 680 555 hac
715 515 755 554 in
790 526 831 553 re
864 514 1044 565 opinione
1076 513 1340 565 praeiudicata
1375 512 1463 552 duci
1496 512 1703 553 debemus:

186 580 342 619 minime
370 593 426 629 ea,
455 592 554 629 quae
580 579 655 630 ipsi
682 591 759 617 non
787 577 881 617 satis
908 577 1169 628 intelligimus,
1196 581 1378 627 tanquam
1402 576 1618 616 adulterina
1636 577 1705 627 eji-

186 642 324 682 cienda
349 646 457 693 sunt3
486 642 660 683 codicum
689 653 895 691 eorumque
924 640 1151 691 optimorum
1178 640 1387 680 auctoritas
1410 639 1523 679 nobis
1545 639 1585 678 in
1604 640 1704 679 acci-

184 704 336 757 piendis
373 704 617 756 glossematis
656 713 807 755 semper
841 702 1045 755 plurimum
1081 702 1210 743 valere
1247 702 1363 743 debet
1399 706 1437 742 et
1471 712 1516 742 eo
1553 706 1702 742 tantum

183 769 268 808 loco
304 769 484 808 librorum
512 768 698 819 scriptura
733 766 935 807 refutanda
970 767 1031 807 vel
1059 780 1128 818 pro
1156 767 1256 807 falsa
1297 767 1477 807 habenda
1520 771 1594 818 est,
1636 768 1703 807 ubi

184 836 318 883 aperta
344 832 602 883 discrepantia
637 831 699 870 vel
736 831 897 881 singulis
932 831 972 869 in
1008 831 1136 870 verbis
1168 831 1230 870 vel
1257 831 1296 870 in
1326 831 1539 870 sententiae
1567 831 1703 870 ordine

185 895 307 934 adest.
360 896 495 935 Nullus
528 895 652 934 Taciti
685 896 777 945 Agr.
810 893 996 934 editorum
1033 898 1141 933 tanta
1172 907 1258 934 cum
1297 894 1461 934 audacia
1498 895 1703 934 nonnullos

185 959 292 997 locos
319 963 358 997 et
383 958 603 998 emendavit
629 962 667 997 et
693 971 762 1008 pro
788 957 930 1008 glossis
957 958 1101 1007 habuit,
1128 971 1243 1008 quam
1261 958 1505 1008 novissimus,
1534 959 1597 998 Fr.
1616 959 1704 997 We-

186 1021 322 1072 xius¹).
368 1021 524 1060 Minime
551 1020 801 1071 diligentiam,
829 1020 996 1060 studium
1024 1024 1062 1060 et
1089 1021 1224 1060 merita
1251 1021 1366 1073 hujus
1394 1021 1605 1061 doctissimi
1633 1021 1704 1067 yiri

187 1084 236 1123 de
264 1086 358 1123 Tac.
385 1085 568 1135 Agricola
594 1084 702 1135 parvi
730 1084 910 1124 aestimo:
948 1096 1042 1122 sane
1074 1084 1234 1123 multum
1269 1090 1307 1123 et
1333 1085 1371 1123 in
1401 1084 1638 1135 explicandis
1667 1088 1706 1124 et

186 1146 227 1185 in
260 1146 511 1186 emendandis
544 1147 715 1198 pluribus
748 1146 841 1185 locis
876 1147 1017 1196 profuit
1049 1170 1100 1175 —
1132 1147 1234 1197 quod
1265 1147 1351 1198 jam
1388 1148 1427 1187 in
1464 1147 1703 1198 praefatione

188 1208 267 1247 dixi
294 1232 346 1237 ——
374 1209 443 1249 sed
475 1209 515 1248 in
548 1209 791 1260 glossematis
828 1209 1075 1249 ostendendis
1112 1222 1159 1249 ex
1194 1223 1282 1250 mea
1317 1210 1470 1260 quidem
1513 1210 1704 1250 sententia

187 1273 371 1312 audacior
396 1273 557 1312 videtur.
613 1273 853 1323 Quapropter
879 1273 918 1312 in
947 1274 1116 1313 secundo
1149 1274 1275 1325 capite
1307 1279 1466 1314 conatus
1500 1287 1601 1324 sum,
1638 1274 1703 1313 ali-

187 1341 279 1386 quot
305 1336 429 1376 Wexii
457 1337 666 1376 sententias
693 1337 876 1376 refellere.

314 1411 521 1459 Postquam
554 1410 688 1448 iterum
724 1422 771 1448 ac
808 1410 961 1460 saepius
990 1410 1113 1448 Taciti
1150 1411 1368 1459 Agricolam
1404 1411 1568 1461 perlegi,
1606 1411 1704 1449 duos

187 1475 335 1511 tantum
364 1472 468 1512 locos
495 1472 639 1524 reperi,
675 1473 714 1511 in
751 1472 887 1523 quibus
923 1473 1075 1522 glossas
1102 1485 1143 1512 re
1171 1486 1262 1512 vera
1289 1473 1522 1524 deprehendi
1560 1478 1702 1524 putem.

187 1535 295 1573 Alter
320 1535 511 1574 invenitur
538 1535 663 1586 capite
690 1548 811 1574 nono:
841 1543 927 1575 sunt
955 1535 1051 1574 haec
1079 1536 1214 1574 verba:
1264 1537 1607 1586 „Integritatem
1637 1541 1701 1575 at—

187 1609 273 1647 que
308 1598 638 1637 abstinentiam
674 1597 718 1637 in
755 1603 881 1638 tanto
918 1598 1014 1637 viro
1056 1598 1229 1637 referre
1270 1598 1443 1648 injuria
1486 1599 1701 1638 virtutum

187 1660 364 1699 fuerit.“
394 1682 448 1689 -—-
501 1660 684 1711 Suspicor
721 1661 816 1699 haec
851 1662 969 1700 verba
995 1674 1020 1700 a
1047 1662 1187 1701 lectore
1223 1663 1388 1712 quodam
1421 1663 1589 1713 ascripta
1616 1675 1703 1702 esse

187 1722 237 1761 ad
266 1721 497 1773 explicanda
523 1724 661 1772 verba,
697 1736 796 1772 quae
823 1724 1076 1773 praecedunt:
1125 1725 1338 1775 „tristitiam
1377 1729 1415 1764 et
1446 1726 1704 1775 arrogantiam

186 1789 226 1823 et
252 1785 452 1829 avaritiam
481 1787 671 1824 exuerat.“
689 1786 721 1837 ²)
774 1787 891 1825 Recte
923 1786 1020 1825 haee
1049 1786 1134 1835 jam
1162 1788 1308 1826 monuit
1339 1788 1524 1836 Ritterus,
1561 1788 1623 1837 qui
1653 1787 1703 1826 ad

187 1847 288 1886 hunc
315 1847 441 1887 locum
470 1847 624 1899 dicit:³)
655 1847 922 1898 „deprehende
948 1848 1068 1887 lector
1093 1848 1286 1888 hominem
1314 1850 1529 1900 delicatum,
1557 1850 1620 1899 qui
1650 1850 1703 1889 os-

184 1909 307 1948 fendit
334 1910 374 1949 in
402 1910 530 1949 verbis
557 1910 730 1961 proxime
756 1911 1016 1961 superioribus
1047 1912 1269 1961 „avaritiam
1297 1914 1488 1962 exuerat,“
1519 1913 1704 1951 avaritiae

185 1974 288 2013 enim
325 1974 518 2014 contraria
555 1978 613 2014 est
649 1973 849 2025 integritas
886 1978 1001 2025 atque
1029 1973 1273 2013 abstinentia.
1334 1974 1541 2014 Annotatio
1578 1987 1703 2026 repre·

186 2036 391 2077 hendentis
428 2038 519 2077 olim
551 2038 590 2076 in
625 2038 800 2088 margine
834 2037 1032 2087 ἀρχετύπου
1065 2038 1193 2088 posita
1224 2051 1248 2076 a
1282 2038 1463 2088 proximis
1496 2039 1631 2077 scribis
1664 2039 1704 2077 in

183 2100 386 2139 verborum
424 2105 642 2139 contextum
679 2112 748 2151 per
779 2100 1061 2151 inprudentiam
1089 2105 1244 2150 recepta
1272 2104 1341 2139 est.
1401 2100 1576 2150 Tacitus,
1614 2101 1702 2139 sini·

183 2163 273 2214 plex
311 2168 349 2202 et
388 2176 517 2213 verus,
559 2165 608 2203 ab
649 2163 838 2213 ejusmodi
876 2162 1031 2203 fastidio
1064 2163 1180 2213 longe
1216 2163 1345 2214 abest,
1388 2163 1593 2214 praecipue
1631 2163 1703 2203 hoc

182 2226 285 2275 loco,
323 2226 388 2265 ubi
423 2226 455 2265 si
490 2226 566 2264 ista
599 2226 834 2276 scripsisset,
868 2225 1179 2276 reprehenderet,
1208 2226 1309 2275 quod
1338 2226 1451 2265 modo
1480 2227 1703 2266 admiserat.

182 2381 281 2416 fidem
305 2384 456 2416 codicum
481 2383 591 2415 denuo
614 2383 808 2415 collatorum
837 2382 1002 2415 recensuit
1028 2386 1062 2415 et
1084 2383 1326 2415 commentariis
1348 2383 1521 2416 enarravit.
1565 2383 1617 2415 Fr.
1642 2383 1702 2416 Oa-

182 2436 241 2468 rol.
268 2437 413 2477 Wexius,
436 2437 645 2477 Brunsvigae
670 2436 762 2467 1852.
1304 2474 1323 2493 μ

311 2500 335 2540 ²)
380 2500 471 2539 Quae
494 2500 627 2541 quidem
652 2499 753 2532 verba
776 2498 1006 2540 Peerlkampio
1029 2502 1062 2531 et
1084 2498 1203 2532 Wexio
1233 2488 1431 2540 intespolata
1460 2498 1629 2540 videntur,
1658 2498 1701 2532 cf.

183 2552 276 2583 Wex.
300 2553 425 2592 proleg.
450 2563 481 2593 p.
507 2552 568 2583 104
592 2570 629 2574 —
654 2552 712 2583 sed
737 2552 777 2583 do
801 2551 861 2583 hnc
885 2561 919 2583 rc
941 2552 1006 2582 alio
1030 2551 1114 2582 loco.

311 2615 334 2655 ³)
379 2615 483 2646 Taciti
508 2624 609 2655 opera
632 2614 673 2646 ad
698 2614 793 2645 codd.
816 2615 971 2655 antiquos
994 2619 1108 2646 exacta
1130 2618 1164 2645 et
1185 2614 1358 2646 emendata
1381 2615 1616 2646 commentario
1641 2614 1702 2646 cri-

182 2667 248 2698 tico
271 2671 304 2699 et
325 2668 497 2709 exegetieo
522 2667 681 2699 illustrata
704 2666 755 2699 ed.
787 2667 979 2699 Franciscus
1009 2667 1130 2707 Ritter,
1160 2672 1238 2699 toni.
1261 2667 1318 2700 IV.
1356 2667 1587 2709 Cantabrigiae
1611 2668 1703 2700 1848.

181 2729 213 2759 p.
237 2722 277 2751 98
299 2730 347 2761 sq.
