1907 2995
201 107 360 154 sinitis
389 106 567 160 emmau
599 107 956 153 affoetwexiusl.
984 121 1020 148 c.
1052 132 1107 139 —
1141 107 1350 150 Videam
1378 109 1468 160 jam
1502 108 1554 148 de
1588 108 1719 150 ver-bb

202 178 280 225 ¹,et
314 171 507 216 seditio
542 172 653 223 siue
677 172 935 223 sauguine
961 173 1138 214 stetit“
1169 197 1220 203 —-
1245 173 1304 214 Ex
1331 186 1419 219 mea
1445 171 1601 246 quidem
1628 184 1716 213 sen-

200 233 323 283 tentia
354 234 410 278 nil
436 240 497 277 est
522 234 749 281 mutandum
778 235 818 277 in
850 235 929 276 illis
954 236 1109 288 verbis,
1129 237 1354 289 praesertin
1380 249 1496 288 quum
1522 236 1564 277 in
1591 235 1715 277 codic.

199 297 321 340 vatic.
354 300 461 340 3429
493 298 586 339 insit
611 300 710 343 hacc
735 299 934 351 scriptam.
980 300 1085 340 Inest
1110 300 1150 341 in
1178 300 1260 340 illis·
1282 300 1411 339 verbis
1437 313 1536 340 suna
1561 305 1714 345 senten-

199 361 254 403 tia
289 374 414 412 neque
434 366 636 413 -repugnat
669 361 924 414 gramatice
958 363 1066 404 ratio.
1126 363 1321 404 Particula
1357 364 1443 414 „et“
1484 363 1602 403 babet
1636 363 1715 404 vim

198 423 458 470 conclusivum
493 429 535 465 et
564 425 793 477 cxfflionnda
818 428 896 476 est',
931 430 969 465 et
995 426 1064 476 ita,
1102 431 1141 475 ct
1166 427 1241 476 sic,
1278 427 1378 479 (und
1403 426 1464 478 σο)
1499 426 1549 466 cf.
1584 426 1712 469 Hane

200 487 365 530 Tursell.
393 488 443 533 11.
468 489 569 529 484:
597 488 778 532 faoillkne
796 488 912 531 etiam
942 486 1025 540 „‘et“
1054 489 1095 529 in
1126 489 1255 541 „ita“
1284 483 1424 531 inutari
1449 489 1584 542 potuit.
1625 490 1713 529 We

199 550 293 596 xius
321 550 472 591 monuit
503 551 618 593 haec:
657 550 715 602 „si
742 550 831 593 belli
859 551 1037 603 impetus,
1075 552 1110 592 si
1136 552 1279 592 seditio
1303 557 1408 592 stane
1437 552 1593 603 dicim,
1630 557 1713 592 tum

188 626 352 665 ‚semper
377 613 608 665 cogitandae
634 619 726 659 sunt.
748 627 811 654 res
838 618 876 655 et
907 614 1200 667 impedimenta,
1236 628 1336 666 qnae
1372 615 1557 668 impetum
1593 619 1711 656 retar-

198 677 335 727 dax-int,
364 681 403 716 et
429 690 579 717 cursum
607 677 886 729 prohibuerint,
923 677 1013 727 quin
1049 678 1334 719 continuaretur
1360 702 1413 707 —
1439 679 1524 718 Hoc
1556 678 1595 717 iu
1628 678 1711 718 nni-

196 751 349 781 versum
376 752 453 781 non
481 744 539 780 est
565 752 716 782 verum:
760 741 812 780 At
847 744 976 780 nostro
1011 740 1096 780 loco
1133 745 1222 781 sunt
1258 740 1448 791 ejusmodi
1483 740 1601 780 esum
1635 752 1709 790 res,

199 803 337 853 quibus
381 803 518 843 seditio
563 804 778 847 sedaretur:
833 804 933 843 inest
978 816 1096 843 eausa
1130 804 1169 843 in
1207 803 1293 854 ipsa
1329 803 1514 843 Trebellii
1549 803 1709 854 ratione,

200 865 403 917 „comitate
429 865 594 916 quadam
630 865 864 917 provinciam
901 866 1044 904 tenuit“
1073 888 1126 893 —-
1164 865 1282 916 „fuga
1316 878 1363 904 ac
1399 865 1557 904 latebris
1590 866 1712 904 vitata

198 929 387 970 exercitus
412 929 493 969 ira“
521 952 575 958 —
610 933 649 968 et
674 928 729 968 ita
764 928 807 981 (i.
834 941 868 968 e.
897 928 1078 968 'l'rebellii
1115 927 1251 980 opera)
1287 927 1425 969 seditio
1458 927 1574 969 stetit.
1630 927 1710 968 Sed

197 991 353 1031 verbum
382 995 485 1031 stare
512 1004 588 1030 non
616 995 691 1041 est,
728 990 830 1041 quod
857 990 1039 1040 subsistit,
1068 991 1246 1040 cessavit,
1274 991 1345 1032 sed
1372 991 1422 1030 de
1448 991 1575 1041 pretio
1600 991 1708 1030 intel-

197 1054 394 1105 ligendum
420 1059 499 1105 est,
535 1058 576 1094 ut
610 1054 650 1094 in
686 1053 858 1093 formulis
894 1053 1044 1105 magni,
1084 1053 1204 1104 pluris
1240 1057 1354 1095 stare.
1410 1052 1452 1093 Si
1494 1053 1550 1093 ita
1580 1053 1707 1093 locum

197 1116 499 1168 interpretamur,
528 1117 647 1156 verba
675 1116 783 1167 „sine
810 1128 920 1166 sang.
949 1118 1019 1155 st.“
1049 1117 1104 1155 nil
1131 1117 1355 1156 offensionis
1381 1117 1536 1156 habent.
1586 1118 1709 1168 Repe-

199 1180 346 1220 riuntur
371 1179 486 1219 etiam
515 1179 710 1229 exempla:
743 1191 885 1229 magno
917 1179 1022 1218 stetit
1052 1179 1176 1229 pretio
1203 1180 1295 1219 Hor.
1322 1184 1395 1219 sat.
1423 1180 1454 1219 L
1481 1180 1518 1229 2,
1551 1180 1629 1218 122
1655 1202 1709 1208 -

201 1242 299 1293 „heu
326 1246 467 1292 quanto
495 1241 625 1292 regnis
653 1254 728 1281 nox
754 1240 858 1284 stetit
883 1253 961 1280 una
991 1241 1119 1282 tuis?“
1164 1241 1276 1283 Ovid.
1303 1243 1340 1292 2,
1368 1242 1446 1282 812
1472 1263 1525 1270 -
1551 1245 1705 1281 centum

196 1305 350 1346 tale-ntis
378 1317 463 1345 eam
490 1317 570 1343 rem
599 1304 764 1345 Achaeis
796 1304 948 1345 stetisse
974 1303 1057 1343 Liv.
1075 1305 1139 1353 34,
1158 1305 1212 1344 50
1241 1305 1383 1355 „multo
1411 1304 1600 1355 sanguine
1628 1304 1704 1344 vie-

197 1370 293 1408 toria
312 1367 437 1408 stetit“
459 1366 511 1409 id.
529 1368 592 1418 23,
610 1368 664 1406 30
680 1366 826 1407 tantulo
845 1365 1036 1418 impendio
1056 1366 1214 1407 victoria
1230 1367 1347 1407 stetit.
1376 1366 1481 1407 Curt.
1498 1367 1537 1417 3,
1559 1368 1620 1417 11,
1634 1367 1703 1417 27;

197 1431 298 1482 apud
329 1432 503 1470 Tacitum
532 1431 619 1469 hist.
643 1431 710 1469 111.
738 1430 789 1468 33
818 1430 963 1480 majore
982 1429 1122 1469 damno
1145 1435 1294 1469 veteres
1313 1430 1463 1480 civium,
1492 1429 1705 1469 discordias

197 1493 250 1532 rei
281 1493 455 1543 publicae
482 1493 646 1532 stetisse.
700 1492 781 1531 Liv.
808 1492 950 1531 XXIII.
978 1492 1054 1530 60.
1071 1521 1080 1529 .
1097 1521 1106 1529 .
1135 1492 1239 1532 haud
1271 1492 1352 1532 scio
1386 1504 1435 1531 an
1470 1505 1612 1543 magno
1639 1492 1703 1531 de-

197 1556 373 1595 trimento
401 1546 604 1594 certamen*
621 1559 803 1593 staturum
823 1554 936 1592 fuerit
962 1576 1010 1582 —
1040 1554 1151 1601 Quae
1178 1554 1331 1603 quidem
1351 1555 1529 1605 exempla
1546 1554 1705 1593 Wexius

197 1630 353 1669 prorsus
380 1618 457 1656 alia
483 1618 609 1666 habet,
637 1617 708 1656 sed
734 1630 809 1656 non
837 1616 949 1656 video
977 1616 1250 1667 differentiam3
1286 1616 1334 1666 si,
1363 1621 1405 1656 ut
1430 1616 1588 1656 Wexius
1616 1629 1703 1656 con·

198 1679 316 1729 cedit,
349 1679 426 1718 dici
452 1683 594 1730 potest,
629 1679 746 1718 multo
779 1677 966 1728 sanguine
992 1691 1039 1717 ac
1066 1679 1285 1717 vulneribus
1313 1679 1511 1719 victoriam
1537 1679 1702 1727 aliquam

198 1747 320 1792 stare,
366 1746 432 1782 aut
467 1742 571 1781 nullo
607 1741 794 1791 sanguine
831 1745 951 1789 stare,
996 1744 1074 1780 tum
1111 1741 1281 1792 profecto
1317 1740 1393 1780 dici
1429 1744 1574 1792 potest,
1620 1740 1705 1785 sine

199 1805 387 1856 sanguine
414 1808 527 1844 stare.
554 1826 607 1832 ——

775 1940 921 1988 OAP.
953 1941 1123 1988 XXII.

646 2013 858 2057 TACITI
899 2011 1257 2058 AGRICOLAE.

328 2137 337 2146 .
350 2137 379 2146 ..
405 2106 651 2148 Adnotabant
676 2106 798 2156 periti,
826 2119 903 2146 non
921 2106 1037 2145 alium
1057 2107 1193 2145 ducem
1212 2106 1513 2157 opportunitates
1531 2107 1702 2145 locorum

199 2172 410 2224 sapientius
436 2170 597 2222 legisse:
625 2170 767 2210 nullum
796 2170 845 2210 ab
872 2170 963 2221 Agr.
990 2170 1157 2221 positum
1181 2169 1378 2210 castellum
1397 2173 1463 2208 aut
1480 2168 1517 2207 vi
1537 2168 1702 2210 hostium

200 2237 470 2287 expugnatum,
498 2237 564 2272 aut
589 2232 766 2284 pactione
793 2244 840 2271 ae
867 2232 960 2282 fuga
977 2231 1189 2281 desertum3
1220 2232 1452 2282 „crebrae
1480 2232 1702 2280 eruptio-

200 2299 333 2337 nes:“
365 2310 455 2336 nam
482 2296 666 2336 adversus
702 2308 829 2335 moras
865 2294 1074 2334 obsidionis
1110 2293 1248 2334 annuis
1285 2292 1407 2344 copiis
1441 2292 1702 2333 firmabantur.

198 2361 259 2400 lta
284 2358 475 2411 intrepida
500 2357 554 2398 ibi
580 2358 714 2408 hiems,
752 2361 789 2396 et
825 2356 898 2396 sibi
934 2356 1091 2407 quisque
1126 2356 1330 2407 praesidio,
1366 2356 1481 2394 irritis
1517 2354 1701 2404 hostibus,

200 2434 322 2473 eoque
348 2420 650 2473 desperantibus,
678 2420 778 2470 quia,
807 2419 907 2459 soliti
933 2420 1153 2470 plerumque
1180 2419 1323 2458 damna
1348 2417 1506 2457 aestatis
1533 2417 1703 2461 hibernis

200 2485 400 2527 eventibus
417 2496 591 2537 pensare,
610 2486 690 2523 tum
708 2486 856 2523 aestate
875 2485 987 2532 atque
1004 2481 1130 2521 hieme
1142 2481 1256 2532 juxta
1280 2480 1556 2532 pellebantur.

298 2549 452 2629 mVei-ba
472 2548 695 2628 „crebrae
722 2546 1010 2596 eruptiones“
1045 2543 1258 2597 Wexius²⁴)
1293 2557 1363 2595 pro
1398 2544 1530 2595 glossa
1566 2542 1701 2583 habet·

329 2626 389 2695 ²t)
400 2626 475 2687 ΟΥ
479 2624 582 2688 wex.
604 2650 788 2694 prolegom.
810 2660 842 2692 p.
866 2649 936 2684 131.
