1907 2995
1852 49 1907 105 ,3-ᾆὲ

1839 83 1907 140 ἓξὲξ

51 144 100 171 ἕ.
268 163 271 164 ⁷
301 99 505 163 m
535 110 627 151 13..
638 109 804 151 .eodem
823 111 1027 152 etRhodia
1044 112 1182 153 classis
1207 116 1295 165 post
1319 112 1405 154 dies
1430 124 1577 166 pnoos
1600 112 1764 157 '’ent-

26 171 88 222 -εἶῗ
124 216 126 218 ,
353 173 433 232 .de
449 185 506 214 or.
524 174 574 213 II.
591 174 687 214 67..
699 186 815 213 ‚cum
842 174 984 225 aliquot
1009 179 1098 227 post
1122 187 1245 216 annos
1271 176 1461 219 Maximus
1476 174 1520 216 id
1536 172 1721 228 oppidu-

422 265 433 275 .
479 237 573 276 Tac.
592 238 693 277 Ann.
719 238 750 277 I.
779 237 846 276 8..
857 250 1020 277 .rumor
1044 238 1254 278 incesserat
1278 251 1424 290 paucos
1450 232 1542 279 ante
1566 249 1724 279 menses

202 292 425 352 Augustum
445 298 666 340 Planasiam
693 304 855 340 vectum.
874 300 1004 341 Vellci.
1031 301 1081 341 Π.
1100 301 1163 352 31,
1182 302 1250 341 3.
1264 301 1362 342 ,sed
1380 305 1508 342 tamen
1526 300 1630 342 idem
1649 301 1724 343 hoc

206 367 299 405 ante
331 363 572 414 septennium
599 363 639 402 iu
667 363 718 403 Μ.
745 363 911 403 Antonio
928 368 1102 415 praetore
1120 364 1312 405 decretum
1331 364 1481 416 erat.³⁴)
1514 364 1723 408 Contendit

209 424 365 476 quidem
393 425 562 477 Wexius,
590 426 650 466 his
677 426 716 465 in
745 426 928 478 exemplis
951 427 1208 468 accusatin
1227 428 1343 480 plane
1360 440 1430 469 suo
1448 428 1533 469 loeo
1550 427 1719 480 positum

209 500 308 540 esse,
337 488 429 540 quia
455 488 505 529 de
530 501 573 529 re
599 493 777 540 ageretur
802 502 871 541 per
896 502 1017 530 annos
1035 491 1250 542 complures
1268 491 1498 541 continuata,
1526 483 1718 531 sedidem

210 552 254 592 fit
280 556 411 593 nostro
438 565 587 603 quoque
615 553 700 593 loco
727 552 854 593 verbis
883 557 994 604 „ante
1020 552 1347 604 quadriennium.“
1377 578 1428 583 —
1454 553 1531 595 Ubi
1557 554 1717 596 Tacitus

210 625 282 667 per
308 613 382 655 hoc
409 619 561 666 tempus
586 619 760 655 versatus
788 615 837 655 sit
862 640 914 645 —
940 616 1041 666 quod
1066 615 1223 655 Wexius
1251 620 1328 655 tam
1365 616 1496 666 magni
1532 616 1717 656 momenti

214 689 303 717 esse
324 677 478 728 judicat
503 702 556 707 —
581 691 650 730 pro
678 682 780 718 certo
812 678 888 719 dici
923 692 998 719 non
1033 682 1171 731 potest.
1225 679 1387 718 Exstant
1421 678 1576 729 quidem
1611 679 1720 719 varia

209 739 362 791 judicia
387 740 437 780 de
463 741 536 780 hac
563 753 623 780 re:
652 740 716 780 alii
744 740 985 792 contendunt,
1013 753 1099 781 eum
1125 740 1166 779 in
1185 741 1298 780 exilio
1316 741 1499 791 abfuisse,
1525 741 1592 781 alii
1609 753 1718 793 pne-

210 807 333 843 torem
361 815 448 842 eum
475 803 593 843 fuisse
621 803 693 843 hoc
728 807 916 855 tempore,
952 804 1185 855 praefectum
1221 804 1401 853 Aegypto
1435 815 1462 842 a
1495 804 1719 844 Domitiano

211 866 431 918 impositum
459 866 577 907 fuisse
604 866 790 917 Tacitum,
818 866 971 907 coniicit
997 866 1162 906 Ritterus
1188 869 1215 905 t.
1251 866 1314 905 IV.
1347 878 1385 916 p.
1416 866 1502 917 156,
1540 865 1609 906 sed
1634 879 1715 906 om·

212 930 278 968 nia
304 933 393 969 sunt
417 929 546 969 dubia.
601 930 650 968 Et
675 929 845 980 profecto
872 929 945 969 hoc
971 942 1047 968 non
1074 932 1134 968 est
1159 932 1238 967 tam
1275 928 1406 978 magni
1442 929 1635 979 momenti,
1672 932 1715 968 ut

211 992 379 1032 omnium
407 992 582 1032 codicum
609 992 833 1043 scripturam
860 991 1062 1031 delendam
1089 1002 1327 1031 censeamus.
1353 1014 1404 1019 —
1421 991 1495 1030 Pro
1525 990 1715 1042 „amissus

213 1056 289 1095 σπι(
319 1055 512 1095 scribebat
537 1054 744 1094 Rhenanus
775 1054 999 1105 „ammissus
1027 1055 1087 1094 es“
1117 1077 1168 1083 —
1196 1057 1234 1092 et
1259 1057 1348 1104 post
1383 1064 1471 1092 eum
1506 1053 1614 1092 multi
1649 1053 1716 1093 alii

214 1118 380 1157 editores
406 1118 480 1156 hac
506 1118 546 1161 in
574 1117 761 1167 scriptura
786 1117 1072 1165 acquieverunt:
1109 1116 1148 1154 in
1176 1115 1266 1154 edit.
1294 1106 1381 1154 Pub.
1407 1127 1464 1165 pr.
1492 1115 1593 1154 Med.
1621 1117 1715 1154 Ven.

214 1180 289 1221 Rif.
318 1183 443 1220 exstat
469 1179 606 1232 script:
637 1180 703 1231 „e“
732 1179 772 1219 in
800 1176 886 1219 edd.
912 1171 1085 1222 Boream.
1114 1183 1152 1219 et
1175 1179 1257 1219 Alc.
1284 1178 1460 1219 scribitur
1488 1179 1587 1231 „esst
1608 1203 1659 1208 —-
1678 1182 1717 1218 et

211 1247 316 1283 recte
342 1243 442 1282 hane
469 1243 691 1293 scripturam
720 1246 943 1293 receperunt
968 1243 1120 1292 Pichen,
1149 1242 1307 1291 Walch„
1334 1242 1552 1281 Waltherus
1578 1246 1617 1280 et
1642 1242 1709 1280 alii

212 1305 458 1357 interpretes:
484 1318 574 1344 nam
601 1305 697 1345 haec
723 1305 841 1344 verba
866 1317 942 1344 non
969 1304 1018 1344 ad
1044 1304 1261 1354 Agricolam
1289 1303 1393 1342 dicta
1419 1315 1516 1354 esse,
1554 1315 1716 1353 sequen-

213 1369 316 1408 tibus
343 1367 565 1408 ostenditur.
620 1367 678 1408 Of.
706 1367 823 1418 Pieh„
850 1366 1029 1406 Walther.
1058 1371 1096 1405 et
1121 1366 1267 1405 Walch.
1296 1366 1346 1405 ad
1373 1366 1474 1405 hunc
1499 1366 1638 1405 locum.

1127 1545 1241 1596 JOS.
1279 1545 1640 1596 HfinanBEcx.

344 1672 385 1714 ³⁴)
428 1671 576 1705 Handius
596 1671 629 1703 in
651 1669 790 1703 Turseli.
811 1670 837 1702 I.
868 1669 939 1710 371,
961 1669 1058 1702 docet
1082 1672 1176 1710 „aute
1197 1669 1445 1711 quadriennium
1466 1679 1532 1702 non
1555 1670 1648 1704 esse¹⁶
1671 1687 1712 1693 —

217 1735 299 1766 „vor
319 1723 397 1758 vier
409 1723 568 1758 Jahrem‘
592 1723 651 1756 sed
675 1720 769 1763 „vier
781 1720 894 1755 Jahre
908 1723 1029 1754 zuvor“
1052 1721 1299 1762 ambiguitatem
1321 1721 1482 1754 removeri
1504 1721 1713 1754 distinctione

215 1781 380 1819 accentus,
402 1777 459 1820 qui
480 1777 513 1809 in
534 1775 691 1809 adverbio
712 1777 839 1815 acutus,
860 1773 893 1806 in
911 1773 1153 1815 praepositione
1166 1772 1277 1814 gravis
1292 1772 1344 1805 sit.
1373 1772 1456 1805 Fere
1470 1772 1585 1805 eadem
1600 1776 1713 1807 monet

215 1830 344 1863 Walch.
364 1840 398 1872 p.
419 1829 482 1862 42⁷
504 1828 560 1861 ubi
581 1827 684 1868 addit,
704 1826 789 1859 hanc
809 1825 1051 1858 distinctionem
1072 1825 1238 1866 postulare
1260 1825 1409 1857 Tacitum
1424 1834 1489 1857 non
1504 1825 1610 1857 solum
1624 1824 1713 1867 apud

215 1891 333 1914 vocem
348 1884 435 1923 post,
456 1883 494 1913 ut
506 1880 594 1913 Ann.
609 1879 634 1911 1.
650 1879 707 1910 10.
717 1903 725 1910 .
734 1903 742 1910 .
756 1880 834 1919 post
848 1877 1026 1910 Antonium
1041 1877 1219 1909 Tarentino
1234 1876 1511 1917 Brundusinoque
1531 1876 1665 1908 foedere
1678 1879 1714 1909 et

215 1933 341 1976 nuptiis
355 1933 478 1967 sororis
492 1932 647 1973 illectum,
668 1930 826 1964 sedetiam
841 1930 896 1963 alii
912 1930 1097 1971 scriptores,
1118 1932 1155 1961 ut
1176 1928 1253 1962 Sall.
1274 1929 1358 1962 Hist.
1380 1929 1438 1961 ΠΙ.
1459 1938 1491 1970 p.
1506 1928 1621 1962 983..
1634 1931 1714 1970 post

213 1987 363 2021 Attalum
384 1985 555 2019 custodem
576 1984 647 2027 agri
669 1983 790 2025 captivi
813 1992 854 2016 ex
875 1991 953 2024 rege
975 1982 1198 2015 miserrumum
1221 1991 1390 2014 servorum
1412 1980 1530 2014 fecere.
