1907 2995
796 240 1022 290 CAPUT
1050 242 1112 290 V.

646 326 859 370 TAcrrl
899 327 1256 371 AomconAn.

324 426 454 465 Prima
480 432 689 473 castrorum
716 428 931 468 rudimenta
957 430 996 468 in
1022 430 1221 471 Britannia
1248 430 1433 470 Suetonio
1451 431 1624 481 Paulino,
1651 431 1708 471 di-

199 489 333 540 ligenti
370 501 417 529 ac
452 490 649 530 moderato
682 490 790 541 duci,
826 491 1071 542 approbavit:
1108 491 1272 542 electus,
1308 504 1420 542 quem
1457 493 1708 533 coutubernio
1734 515 1736 517 ·

200 552 431 603 aestimaret.
484 553 566 593 Nec
591 553 788 604 Agricola}
798 553 956 593 licenter
981 567 1086 594 more
1111 555 1320 604 juvenum,
1357 555 1421 604 qui
1457 556 1632 595 militiam
1668 557 1708 596 in

200 614 399 665 lasciviam
425 617 594 668 vertunt,
633 626 821 667 „neque
847 616 1104 668 segniter“
1135 616 1186 658 ad
1212 616 1428 668 voluptates
1454 621 1494 659 et
1519 630 1709 660 commea-

200 681 274 727 tus,
301 678 450 716 titulum
478 678 691 716 tribunatus
718 682 756 717 et
782 679 971 721 inscitiam
998 680 1147 719 retulit.
1163 709 1173 718 .
1190 708 1200 718 .

328 761 403 800 Pro
428 760 527 799 virili
553 764 662 812 parte
688 761 759 801 viri
786 762 888 802 docti
915 763 1041 802 conati
1068 766 1167 813 sunt,
1194 762 1310 802 verba
1339 775 1487 813 „neque
1513 764 1707 814 scgniter⁴¹

202 821 576 873 interpretationibus
602 826 716 873 atque
742 824 1071 864 emendationibus
1097 835 1316 875 persanare.
1368 825 1564 865 Beckcrus
1591 829 1713 865 mutat

203 885 493 924 collocationem
509 886 710 925 verborum
735 890 774 925 et
791 887 992 937 conjungit
1018 900 1066 926 ea
1088 883 1132 925 in
1158 886 1260 925 bunc
1286 886 1464 926 modum:
1479 917 1490 926 .
1506 918 1515 927 .
1531 915 1541 925 .
1568 887 1620 927 ad
1645 901 1711 927 vo-

203 948 370 999 luptates
397 951 436 988 et
450 952 696 989 >commeatus
724 952 762 988 et
787 948 976 989 inscitiam
1002 948 1152 988 titulum
1178 947 1264 988 trib.
1290 948 1429 989 retulit.
1456 949 1605 990 Walch.
1623 962 1712 990 con-

204 1011 320 1050 sentit
337 1023 423 1050 cum
441 1012 614 1051 Beckero
632 1015 671 1050 et
687 1024 757 1062 pro
775 1011 1046 1050 commentario
1064 1011 1246 1050 lincolam
1270 1012 1379 1062 ponit
1395 1016 1486 1051 ante
1509 1013 1711 1063 inscitiam,

204 1073 278 1114 sic:
307 1078 345 1114 et
371 1097 424 1113 ——.
449 1073 639 1114 inscitiam
666 1073 804 1113 retulit.
859 1073 1113 1113 Doederlinus
1140 1072 1214 1113 hoc
1240 1072 1355 1113 modo
1382 1074 1500 1114 verba
1527 1075 1711 1126 explicat:

205 1150 277 1177 nec
304 1138 501 1188 Agricola.»
512 1149 606 1177 mor.
629 1138 724 1188 juv:
740 1138 804 1187 qui
821 1167 830 1177 .
850 1166 859 1175 .
879 1167 888 1177 .
916 1141 1065 1177 vertunt
1092 1136 1163 1189 (sc.
1191 1136 1287 1188 egit)
1314 1148 1440 1186 neque
1467 1137 1636 1187 segniter
1661 1138 1713 1177 ad

204 1201 421 1251 voluptates
444 1204 484 1239 et
499 1203 735 1240 commeatus
753 1203 792 1240 et
813 1199 1002 1239 inscitiam
1025 1199 1175 1239 titulum
1199 1199 1412 1239 tribunatus
1435 1200 1573 1239 retulit.
1619 1201 1712 1239 Her-

205 1275 369 1303 mannus
395 1262 435 1302 in
463 1263 596 1303 Museo
622 1258 808 1302 Rhenano
836 1261 896 1302 ed.
923 1261 1131 1302 Ritschelio
1157 1265 1247 1302 tom.
1264 1262 1314 1301 Π.
1342 1274 1380 1312 p.
1399 1262 1477 1302 588
1505 1262 1623 1302 verba
1645 1262 1714 1302 illa

207 1326 279 1365 hoc
306 1325 421 1367 modo
446 1325 747 1375 interpretatur:v
768 1336 840 1364 nec
866 1324 1045 1378 Agricola
1080 1324 1239 1363 licenter
1273 1336 1379 1364 more
1404 1325 1612 1375 juvenum,
1649 1326 1713 1375 qui

206 1388 381 1427 militiam
413 1387 453 1426 in
488 1386 687 1427 lasciviam
718 1390 887 1437 vertunt,
924 1386 1058 1439 (scilic.
1091 1385 1266 1426 militiam
1292 1385 1332 1425 i'n
1360 1386 1557 1426 lasciviam
1585 1388 1713 1440 vertit)

206 1462 331 1499 neque
358 1449 527 1499 segniter
552 1449 604 1488 ad
630 1449 845 1500 voluptates
872 1452 912 1488 et
937 1452 1171 1488 commeatus
1198 1448 1333 1500 (scilic.
1358 1449 1494 1488 militia
1512 1450 1714 1500 conversa)

205 1512 355 1552 titulum
381 1512 595 1551 tribunatus
622 1515 661 1551 ct
685 1510 875 1551 inscitiam
902 1510 1035 1563 (scilic.
1055 1510 1228 1563 domum)
1246 1510 1384 1550 retulit.
1425 1511 1582 1551 chius
1609 1512 1715 1551 deni—

208 1587 281 1624 que
299 1575 374 1613 ista
391 1574 509 1613 verba
526 1587 595 1624 pro
613 1574 845 1623 glossemate
864 1573 990 1612 babet.
1031 1574 1189 1612 Frustra
1212 1573 1357 1627 omnia:
1385 1586 1433 1612 ex
1456 1587 1544 1613 mea
1561 1575 1715 1623 quidem

208 1639 400 1677 sententia
424 1636 480 1676 nil
507 1640 568 1675 est
591 1634 881 1675 mutandum'in‘
906 1635 983 1674 illis
1010 1634 1148 1685 verbis,
1175 1647 1265 1674 nam
1292 1635 1393 1676 inest
1418 1635 1457 1675 in
1486 1635 1534 1676 iis
1560 1648 1716 1688 prorsus

208 1711 307 1739 sana
324 1699 524 1739 sententia.
566 1698 646 1738 Sed
663 1698 878 1738 accuratius
894 1697 1141 1748 inspiciamus
1158 1701 1278 1737 totum
1297 1698 1435 1737 locum.
1475 1700 1520 1737 In
1538 1699 1598 1749 iis,
1616 1711 1716 1749 quae

208 1761 456 1801 antecedunt:
487 1757 633 1812 „prima
658 1764 879 1801 castrorum
892 1759 1107 1800 rudimenta
1128 1759 1169 1798 in
1193 1759 1391 1799 Britannia
1410 1760 1595 1800 Suetonio
1619 1762 1716 1801 Pau-

209 1825 300 1874 lino,
319 1823 493 1875 diligenti
511 1835 558 1863 ac
575 1823 772 1863 moderato
789 1822 888 1873 duci,
907 1822 1143 1873 approbavit,
1162 1822 1318 1872 electus,
1337 1835 1450 1872 quem
1468 1824 1717 1863 contubernio

210 1887 453 1926 aestimaret“
482 1909 535 1915 —
562 1887 677 1936 bene,
713 1883 758 1925 ut·
779 1886 864 1935 jam
897 1884 1042 1925 monuit
1072 1883 1249 1933 Wexius‚
1285 1885 1323 1923 J.
1351 1885 1396 1924 A.
1423 1886 1576 1925 Ernesti
1602 1886 1716 1925 inter-

209 1952 380 2000 pretatur
413 1948 548 1986 ultima
582 1948 719 1986 verba:
758 1958 894 1997 „quem
929 1947 970 1985 in
1001 1945 1288 1985 contubernium
1316 1946 1561 1997 adsumptum
1588 1948 1717 1998 explo-

211 2012 348 2051 raret.“
403 2010 519 2050 Falso
545 2009 714 2060 postulat
738 2009 885 2048 Waloh.
917 2011 961 2048 in
986 2008 1049 2048 vel
1075 2023 1123 2047 exc
1149 2008 1413 2048 contubernio:
1449 2014 1527 2049 non
1554 2009 1656 2049 inest
1678 2010 1718 2050 in

211 2074 363 2113 Ernesti
382 2072 634 2124 explicatione
650 2071 850 2111 verborum
878 2070 1121 2121 ambiguitas,
1149 2075 1192 2110 ut
1217 2071 1364 2110 Walch.
1392 2075 1520 2122 putat:
1549 2072 1719 2112 ablativo

214 2137 316 2176 enim
346 2135 638 2187 „contubernio“
669 2132 916 2185 significatur,
943 2137 985 2172 ut
1010 2133 1111 2172 bene
1133 2133 1289 2172 Wexius
1317 2133 1513 2173 contendit
1538 2157 1590 2163 —-
1620 2147 1720 2185 „qua

213 2200 361 2240 ratione
387 2203 425 2239 ct
452 2197 636 2239 Suetonio
663 2198 769 2238 locus
795 2196 909 2237 datus
935 2195 986 2236 sit
1011 2195 1234 2247 explorandi
1260 2195 1517 2237 adolescentis
1544 2201 1584 2237 ct
1608 2198 1719 2248 Agri-

215 2346 328 2379 zahltc
355 2346 433 2379 und
460 2344 518 2379 die
546 2343 782 2378 kaiecrlichcn
811 2340 1194 2385 Kammerciqcschufle
1223 2342 1388 2386 bcaorqtc.
1433 2340 1512 2376 Soet
1539 2341 1721 2377 mundius

215 2408 293 2433 war
313 2395 381 2432 mit
401 2395 532 2432 diesem
552 2393 652 2430 Amte
672 2394 765 2430 auch
786 2393 844 2429 dic
872 2391 1113 2430 Jurisdictwn
1140 2392 1227 2427 iiber
1253 2391 1313 2427 dic
1336 2390 1477 2428 Sachcn
1497 2393 1560 2428 des
1588 2393 1723 2429 Rekita

216 2451 426 2485 verbunden.
470 2449 534 2491 (ef.
562 2450 640 2482 Tac.
669 2449 765 2482 Am·
785 2449 859 2481 ΧΠ.
889 2449 940 2481 eo.
968 2447 1060 2481 Suet.
1089 2446 1205 2480 olma.
1228 2447 1269 2479 12
1296 2446 1336 2479 fr.
1357 2447 1410 2480 84.
1439 2448 1504 2488 19.)
1547 2448 1723 2481 zamam

216 2503 364 2537 witi-den
384 2501 477 2536 auch
498 2501 695 2535 Provinzen
715 2499 829 2533 durch
848 2499 1109 2533 Procuratorm
1121 2496 1190 2531 mit
1203 2498 1273 2531 deu
1294 2498 1532 2532 Vollmachtm
1546 2499 1610 2531 der
1622 2498 1721 2532 Proe-

217 2554 314 2592 niden
332 2554 476 2601 refiert,-
503 2553 688 2589 boeondm
708 2551 768 2588 dic
788 2550 967 2587 klcincrcn
988 2549 1042 2594 (cf.
1062 2551 1129 2585 Dio
1151 2550 1244 2585 cass.
1265 2550 1336 2584 LX.
1357 2551 1388 2584 9.
1410 2551 1490 2585 Tm.
1512 2550 1588 2585 hist.
1610 2551 1637 2585 Ι.
1660 2553 1723 2594 11).

218 2606 385 2652 Hieratis
396 2607 480 2652 yeht
500 2606 560 2640 dic
574 2605 886 2648 Unterschaiawnq
906 2603 1075 2637 zwisclum
1096 2604 1165 2637 den
1185 2602 1447 2647 yewbmlichm
1461 2603 1725 2637 Pmomutm-en

217 2661 294 2695 und
315 2661 439 2701 domn,
468 2658 527 2694 dic
548 2659 621 2693 vice
642 2658 804 2702 praesidis
824 2668 955 2693 waren.

1454 2720 1475 2751 2
