1907 2995
1674 23 1701 65 5

184 135 369 184 Magnum
403 133 645 172 emblematis
683 132 800 172 alieni
833 133 983 183 signum
1016 132 1150 185 peritis
1188 133 1303 172 etiam
1341 132 1461 171 verba
1496 131 1560 182 „in
1593 135 1700 170 tanto

185 196 292 236 viro“
322 196 546 246 ostendent3
583 196 668 247 ipse
704 195 808 235 haud
839 196 954 235 dubie
987 196 1194 247 scripturus
1230 196 1301 235 fuit
1336 195 1619 246 „integritatem
1645 198 1701 233 at—

186 268 262 309 que
292 258 564 298 abstinentiam
598 258 785 308 referre,“
829 270 1057 309 quamquam
1098 256 1172 299 hoc
1208 258 1299 309 quid
1338 258 1411 299 sibi
1443 258 1551 309 velit,
1592 257 1703 297 multi

185 322 348 361 lectores
380 335 457 361 non
492 323 740 372 percipient.“
799 323 956 361 Tacitus
987 323 1156 373 profecto
1191 335 1268 362 non
1304 327 1362 362 est
1393 322 1444 372 is,
1480 322 1546 371 qui
1572 321 1702 371 longis

185 384 417 435 ambagibus
450 389 592 436 utatur,
631 389 690 424 est
724 384 888 435 simplex
920 389 958 424 et
988 385 1181 426 scribendi
1209 385 1402 426 concisam
1429 389 1469 425 et
1495 385 1700 425 obscuram

185 448 412 487 brevitatem
440 461 674 498 magnopere
701 453 818 487 amat.
864 449 908 487 Id
935 449 1035 498 quod
1062 449 1200 498 verbis,
1228 462 1325 499 quae
1350 449 1461 489 nobis
1485 448 1599 489 valde
1617 460 1699 488 sus·

185 515 300 563 pecta
317 510 504 560 videntur,
532 510 694 561 additur,
716 511 801 561 jam
820 516 934 551 antea
951 512 1131 562 proximis
1155 512 1281 551 verbis
1305 516 1543 563 exposuerat.
1584 511 1698 551 Initio

186 574 289 614 enim
317 574 454 625 capitis
481 574 648 613 dixerat:
684 574 865 624 Agricola
890 577 1051 615 naturali
1078 576 1291 627 prudentia,
1319 576 1491 626 quamvis
1518 576 1616 616 inter
1642 580 1698 615 to·

186 641 310 687 gatos,
338 637 451 676 facile
472 637 655 687 justeque
682 638 838 688 agebat3
867 642 905 677 et
922 638 1060 678 deinde
1076 668 1085 679 .
1102 668 1111 678 .
1129 668 1138 678 .
1166 639 1230 678 ubi
1255 644 1463 685 conventus
1486 651 1533 678 ac
1556 638 1700 678 iudicia

186 703 401 751 poscerent,
429 699 570 750 gravis,
597 700 774 750 intentus,
803 713 957 740 severus
984 707 1022 741 et
1044 702 1198 753 saepius
1225 702 1450 750 misericors,
1480 702 1542 741 ubi
1571 701 1698 741 officio

187 762 437 813 satisfactum,
466 763 570 802 nulla
596 763 695 802 ultra
717 764 917 814 potestatis
935 777 1109 815 persona.
1155 765 1363 804 Tristitiam
1383 770 1422 804 et-
1438 764 1698 814 arrogantiam

189 830 228 865 et
253 826 454 865 avaritiam
483 827 674 865 exuerat.“
730 828 866 867 Nonne
902 827 961 866 his
992 828 1119 866 verbis
1150 828 1467 878 praecedentibus
1495 828 1561 866 illa
1587 827 1699 879 (inte-

187 888 365 940 gritatem
378 919 387 929 .
399 919 408 928 .
421 919 430 929 .
450 889 591 940 injuria
607 890 785 929 virtutum
805 890 932 942 fuerit)
954 903 1108 941 prorsus
1127 904 1412 942 supervacanea
1430 891 1543 930 sunt?
1571 902 1699 930 nonne

187 964 344 1004 prorsus
372 952 508 991 eadem
537 953 727 991 sententia
753 953 793 991 in
820 953 894 992 illis
921 954 1046 992 verbis
1073 954 1253 1003 negative
1280 977 1330 982 —
1353 958 1394 992 ut
1421 954 1475 992 ita
1501 954 1627 992 dicam
1646 974 1698 981 —-

187 1015 351 1066 repetita
377 1015 465 1054 est?
518 1015 711 1054 Profecto!
744 1028 833 1054 nam
860 1015 950 1065 quid
976 1016 1082 1055 aliud
1110 1016 1300 1066 significat
1330 1028 1404 1055 vox
1438 1016 1695 1066 „integritas,“

189 1078 265 1117 nisi
293 1091 400 1128 eum,
438 1078 500 1127 qui
523 1078 629 1128 juste
656 1078 777 1116 vivat!
812 1078 902 1127 quid
938 1078 1042 1118 aliud
1069 1092 1143 1118 vox
1178 1079 1475 1129 „abstinentia,“
1514 1079 1587 1118 hoc
1613 1079 1698 1118 loco

189 1142 393 1192 significat,
411 1141 485 1180 nisi
505 1153 604 1191 eum,
632 1141 695 1190 qui
720 1153 762 1180 se
786 1141 975 1180 abstineat
998 1142 1046 1180 ab
1071 1141 1119 1181 iis
1143 1142 1254 1192 vitiis,
1283 1155 1380 1191 quae
1399 1142 1555 1181 Tacitus
1582 1141 1697 1192 paulo

190 1209 281 1244 ante
317 1204 367 1244 ab
402 1204 584 1255 Agricola
619 1204 932 1243 abiudicaverat‘?
967 1217 1093 1243 nonne
1129 1205 1370 1255 reprehendit
1405 1205 1562 1244 Tacitus
1595 1204 1699 1243 hisce

191 1268 319 1308 verbis
346 1268 397 1317 id,
427 1268 528 1318 quod
560 1268 674 1307 modo
707 1268 941 1306 admiserat?
995 1269 1119 1315 Quum
1148 1269 1262 1319 igitur
1290 1269 1384 1307 haec
1416 1269 1534 1308 verba
1560 1281 1585 1307 a
1612 1267 1699 1306 sim-

189 1331 360 1383 plicitate
389 1336 427 1370 et
454 1331 638 1370 brevitate
662 1331 809 1369 Tacitei
837 1331 912 1370 stili
940 1332 1177 1382 abhorreant,
1206 1345 1318 1381 quum
1348 1332 1398 1371 ad
1425 1336 1545 1371 totum
1573 1331 1699 1370 locum

190 1394 458 1444 explicandum
477 1394 531 1431 nil
551 1395 721 1442 offerant,
751 1398 788 1432 et
805 1395 1023 1443 praesertim
1045 1407 1158 1443 quum
1179 1407 1226 1433 ea
1244 1408 1328 1433 cum
1348 1395 1434 1443 illis,
1462 1406 1560 1443 quae
1584 1394 1699 1444 paulo

189 1457 438 1507 antecedunt,
475 1457 630 1496 minime
658 1457 902 1507 cohaereant,
931 1457 997 1496 sed
1025 1470 1179 1508 prorsus
1207 1457 1434 1496 contrarium
1463 1457 1697 1507 significent:

192 1533 479 1573 supervacanea
507 1526 543 1560 et
570 1534 596 1560 a
622 1521 786 1570 quodam
813 1520 966 1559 librario
992 1520 1158 1570 ascripta
1184 1520 1370 1559 ducimus.

318 1615 487 1656 Alterum
525 1616 719 1666 glossema
753 1615 941 1654 invenitur
976 1615 1100 1666 capite
1136 1614 1285 1654 decimo
1327 1614 1477 1664 quinto:
1523 1613 1700 1664 leguntur

191 1679 245 1718 ibi
273 1679 370 1719 haec
398 1680 533 1718 verba:

319 1764 501 1813 Singulos
529 1763 602 1802 sibi
630 1763 720 1801 olim
747 1775 859 1812 reges
886 1762 1002 1801 fuisse
1009 1792 1018 1811 ,
1052 1774 1153 1801 nunc
1180 1761 1290 1800 binos
1317 1761 1477 1811 imponi,
1514 1773 1536 1799 e
1563 1760 1700 1809 quibus

190 1827 342 1877 legatus
373 1826 411 1864 in
450 1825 696 1875 sanguinem,
734 1830 954 1875 procurator
983 1825 1021 1862 in
1050 1825 1152 1863 bona
1185 1824 1347 1863 saeviret
1357 1839 1365 1874 3
1403 1836 1524 1872 aeque
1546 1823 1701 1861 'discor-

190 1889 295 1928 diam
313 1889 625 1939 praepositorum,
645 1901 766 1937 aeque
786 1888 1026 1927 concordiam
1046 1888 1228 1937 subjectis
1248 1887 1461 1937 exitiosam3
1484 1885 1641 1936 „alteri
1649 1898 1699 1924 us

191 1963 363 1991 manus
400 1950 745 2001 centuriones,
782 1951 995 1990 alterius
1033 1962 1207 1990 servos
1243 1950 1336 1989 vim
1369 1954 1416 1988 et
1448 1953 1700 1988 contume-

191 2015 290 2055 lias
318 2015 566 2054 miscere.“

321 2099 392 2139 Est
418 2099 480 2137 hic
507 2098 614 2137 locus
642 2098 690 2137 ab
718 2098 985 2148 interpretibus
1013 2098 1126 2137 valde
1144 2102 1323 2136 vexatus:
1352 2098 1434 2136 cod.
1454 2097 1577 2135 Vatic.
1597 2097 1701 2135 3429

192 2170 232 2205 et
259 2165 342 2204 cod.
370 2163 497 2204 Ursini
526 2162 714 2212 exhibent,
743 2166 840 2201 teste
867 2162 1052 2212 Dronkio,
1089 2163 1188 2201 hanc
1216 2161 1480 2200 lectionem:..
1521 2160 1701 2211 „alterius

193 2239 341 2276 manus,
369 2226 601 2265 centurionis
628 2225 785 2263 alterius
813 2237 954 2273 servos,
982 2224 1059 2262 vim
1088 2229 1125 2262 et
1151 2224 1401 2262 contumelias
1428 2223 1626 2261 miscere.“
1648 2245 1714 2267 —7

192 2290 410 2330 Gronovius
439 2288 645 2338 conjecit..
677 2287 855 2338 „alterius
884 2300 1029 2336 manus,
1068 2286 1307 2325 centuriones
1335 2285 1490 2324 alterius
1517 2285 1593 2323 vim
1622 2286 1702 2335 rel„

194 2354 339 2393 omissa
365 2365 459 2392 voce
490 2353 682 2402 „servos“.
711 2374 763 2378 —
790 2350 943 2400 Lipsius
976 2349 1289 2388 emendabatz...
1331 2349 1514 2398 „alterum
1551 2361 1699 2398 manuS,

191 2417 444 2465 centuriones,
474 2415 632 2453 alterum
653 2414 728 2452 vim
749 2418 786 2452 et
806 2418 968 2452 contum.
989 2413 1120 2451 niisc.“
1142 2435 1193 2439 —
1212 2412 1368 2450 Wexius
1388 2412 1444 2450 sic
1462 2412 1613 2462 scripsit
1627 2426 1635 2450 :
1648 2442 1657 2450 .
1670 2442 1678 2450 .
1693 2442 1702 2450 .

192 2480 349 2520 alterius
378 2491 543 2527 manum,
574 2477 815 2516 centuriones
843 2476 997 2515 alterius
1025 2475 1112 2525 vim,
1146 2475 1212 2514 rel.
1249 2475 1474 2513 vocabulum
1517 2477 1698 2524 „servos“

192 2548 386 2592 tamquam
416 2543 610 2591 glossema
637 2540 964 2578 exterminandum
993 2543 1110 2588 putat..
1157 2540 1348 2588 Integram
1378 2539 1557 2576 librorum
1587 2539 1704 2588 scrip-

194 2611 317 2645 turam
345 2605 497 2644 retineri
526 2605 725 2644 voluerunt
751 2603 1041 2652 Peerlkampius
1069 2607 1107 2641 et
1134 2602 1266 2642 Odofr.
1304 2602 1496 2650 Mulier-us,
1533 2601 1705 2651 plerique

196 2683 281 2709 cum
309 2670 369 2708 his
398 2668 649 2718 consentiunt,
678 2668 717 2706 in
746 2666 805 2706 his
833 2666 1017 2706 Halmius.
