1907 2995
218 51 269 101 1³4

216 164 441 206 Britanniae
461 153 539 203 no'n·
553 153 719 213 pumat,
747 162 969 208 ceterorum,
997 167 1097 207 quae
1123 155 1212 196 aliis
1238 152 1350 195 tem‘s
1374 155 1469 196 ‘orm
1495 156 1637 208 soient,
1665 165 1733 209 pa-

214 228 314 268 tiens
341 230 418 277 est,
453 224 627 276 inprimis
653 223 825 275 frugum,
861 231 1022 271 quarum
1058 232 1138 259 non
1171 223 1319 258 tantum
1357 223 1417 258 est
1452 219 1625 270 patiens,
1662 219 1734 259 sed

214 291 327 331 etiam
355 287 571 328 fecundum.
624 286 880 326 Doederlinus
913 282 1083 334 suppleri
1115 282 1197 322 vult
1235 281 1462 332 „arborum”
1499 286 1539 322 ct
1564 283 1733 323 Ritterus

213 351 306 392 iilud
333 351 372 390 in
400 351 526 402 ipsum
553 349 755 389 verborum
782 349 999 387 contextum
1028 344 1192 396 reecpit3
1230 344 1288 384 sic
1314 343 1519 396 distinguit
1550 344 1634 390 ille:
1672 357 1733 385 so.

212 416 291 455 lum
306 445 316 454 .
332 443 342 454 .
358 444 367 454 .
395 417 507 453 sueta
529 411 681 463 patiens
708 411 896 459 arborum,
924 409 1077 458 frugum
1096 406 1315 447 secundum.
1361 407 1606 458 Quamquam
1626 407 1733 459 effip-

214 478 267 517 sis
294 476 361 516 illa
386 474 646 515 audacissima
672 477 750 524 est,
787 477 915 512 tamen
955 483 1029 522 ego
1067 482 1153 510 cum
1180 469 1318 510 Wexio
1351 482 1428 510 non
1457 470 1733 521 contenderim,

215 552 298 579 eam
327 538 482 579 omnino
506 537 595 577 ferri
623 550 701 577 non
725 548 851 587 posse,
879 534 1117 585 praesertim,
1145 546 1262 584 quum
1285 533 1483 574 distinctio
1505 533 1591 574 eod.
1609 533 1733 574 Vatic.

213 603 317 642 3429
335 600 536 652 significet,
563 600 705 641 deesse
727 598 884 649 aliquid.
928 598 1143 651 Wexiusm)
1170 597 1386 649 contendit3
1413 610 1550 638 vocem
1580 597 1734 649 „fecun-

214 665 327 705 dum“
357 664 562 703 delendam
599 675 698 703 esse.
751 663 911 702 Frustra
947 661 1095 710 omnia3
1132 661 1304 712 vulgaris
1340 662 1414 702 loci
1451 661 1652 702 distinetio-
1679 660 1734 701 nii

214 726 437 768 offensionis
463 726 596 776 habet,
633 737 795 775 eamque
827 736 900 774 ego
929 736 1016 763 cum
1044 724 1197 763 Ernest.
1225 724 1376 763 Waich.
1405 728 1443 763 et
1470 724 1619 764 Dronk.
1647 724 1734 763 reti·

215 803 300 840 neo,
329 795 366 830 et
392 789 448 830 sic
474 789 600 829 locum
627 788 844 839 distinguo:
882 787 1042 839 „Solum
1062 817 1072 827 .
1089 817 1099 827 .
1115 818 1125 827 .
1153 790 1276 837 sueta,
1305 787 1458 839 patiens
1484 787 1650 839 frugum,
1678 787 1733 828 fe-

216 852 401 902 cundum3
429 864 505 891 non
533 852 657 901 video,
686 851 786 890 hane
813 850 1039 900 scripturam
1068 862 1155 889 esse
1183 854 1396 889 contortam
1424 873 1475 878 —
1504 855 1546 890 nt
1564 851 1733 889 Wsithe·

216 929 280 956 rus
307 915 410 955 dicit.
464 915 582 956 Recte
609 915 714 955 Ernt.
740 914 1009 965 interpretatus
1043 916 1102 953 est
1133 912 1280 953 locum:
1321 925 1422 965 „non
1449 912 1566 953 modo
1593 912 1735 966 accipit

215 980 356 1018 cultum
383 978 592 1027 Britannia,
620 977 690 1017 sed
717 978 831 1016 etiam
860 977 1039 1027 copiosas
1066 977 1197 1026 fruges
1225 977 1371 1015 effert-‘⁴
1426 977 1516 1017 Jam
1544 977 1650 1027 apud
1677 990 1733 1016 re·

216 1040 404 1081 centiores
440 1039 645 1092 scriptores
680 1039 875 1079 laudatam
916 1038 1135 1079 invenimus
1170 1038 1395 1079 Britanniae
1436 1038 1732 1079 fecunditatem:

219 1104 285 1143 Sic
311 1103 531 1153 Virdungus
558 1103 672 1143 docet
699 1115 720 1142 e
747 1103 901 1142 Zosimo
929 1104 997 1142 ΠΙ.
1024 1104 1061 1152 5,
1089 1102 1330 1141 Britanniam
1358 1103 1516 1153 longum
1544 1115 1614 1153 per
1640 1107 1734 1141 tem-

214 1177 287 1216 pus
314 1165 433 1205 fuisse
460 1165 597 1205 cellam
624 1165 821 1217 penariam
848 1164 1100 1204 occidentalis
1128 1164 1278 1216 imperii
1317 1165 1383 1217 (cf.
1420 1165 1537 1204 etiam
1565 1164 1733 1205 Ammin-

215 1240 305 1268 nnm
333 1228 595 1268 Marcellinum
622 1229 762 1268 XVIII.
789 1228 852 1278 23,
880 1229 1016 1278 Pomp.
1044 1228 1133 1266 Mel.
1152 1228 1220 1267 ΠΙ.
1248 1228 1285 1279 6,
1313 1228 1357 1281 4)
1384 1251 1436 1256 -
1464 1228 1609 1268 Contra
1636 1227 1734 1268 haec

215 1291 361 1331 monuit
387 1291 564 1341 Wexius,
602 1291 635 1331 si
663 1291 736 1332 hoc
763 1290 878 1331 modo
905 1291 1013 1331 locus
1041 1290 1316 1342 explicaretur,
1345 1290 1588 1331 scribendum
1618 1295 1733 1342 osset,

217 1355 309 1407 „ac“
340 1353 543 1394 fecundum
562 1354 623 1393 vel
645 1357 783 1405 „atque
802 1353 942 1393 etiam“
959 1376 1011 1381 —
1025 1353 1181 1393 frustra:
1209 1354 1308 1393 Nam
1329 1353 1556 1405 saepissime
1574 1353 1735 1394 Tacitus

216 1417 507 1468 conjunctiones
534 1417 672 1457 omittit
696 1441 749 1446 —
776 1422 819 1457 ιιι
845 1417 933 1457 hist.
962 1419 992 1458 1.
1020 1418 1058 1468 3,
1086 1418 1199 1468 laeta,
1227 1416 1362 1468 tristia,
1389 1416 1585 1469 ambigua,
1613 1418 1734 1458 mani-

213 1480 328 1519 festa:
361 1479 449 1520 hist.
467 1481 497 1520 1.
526 1481 596 1520 73.
610 1510 640 1520 ..
668 1480 771 1532 apud
790 1481 968 1532 Galbam,
997 1480 1201 1531 Othonem,
1219 1480 1413 1520 Vitellium
1441 1480 1603 1520 inlaesa.
1631 1482 1732 1521 Ann.

215 1543 279 1581 lv.
298 1544 350 1581 46
362 1572 372 1581 .
384 1571 393 1581 .
408 1571 418 1581 .
437 1542 654 1592 bellumque
672 1543 908 1594 impeditum,
928 1544 1101 1593 arduum,
1129 1548 1327 1583 cruentum
1346 1543 1632 1584 minitabantur.
1673 1544 1733 1584 Si·

215 1604 354 1644 militer
379 1604 507 1645 multis
534 1605 621 1646 aliis
649 1605 756 1646 iocis.

811 1722 958 1771 CAP.
989 1722 1133 1771 XVI.

667 1795 878 1839 TAcl'rl
917 1796 1279 1841 AGRICOLAE.

466 1876 697 1928 Rebellius,
731 1878 824 1929 fuga
856 1890 902 1918 ac
931 1877 1090 1918 latebris
1117 1878 1238 1919 vitata
1265 1878 1454 1919 exercitus
1482 1878 1551 1929 ira,
1579 1877 1733 1918 indeco-

464 1940 517 1978 ris
544 1945 659 1989 atque
687 1941 856 1990 humilis,
884 1941 1059 1991 precario
1087 1954 1176 1981 mox
1203 1942 1379 1992 praefuit,
1408 1955 1455 1981 ac
1483 1942 1601 1981 veluti
1629 1942 1732 1993 pacti

465 2001 653 2041 exercitus
688 2002 898 2053 licentiam,
936 2003 1014 2043 dux
1050 2003 1233 2054 salutem3
1274 2008 1352 2055 „et
1387 2003 1580 2044 seditio
1622 2004 1734 2044 sine

465 2065 716 2114 sanguine
744 2066 926 2105 stetit.“

338 2125 495 2165 Wexius
528 2126 663 2167 ultima
694 2128 813 2168 verba
850 2133 922 2179 „et
959 2128 1131 2168 seditio
1169 2129 1270 2169 sine
1307 2129 1534 2179 sangnine
1570 2129 1730 2169 stetit“

212 2200 281 2237 pro
317 2188 550 2237 glossemate
580 2191 712 2230 habuit
740 2216 791 2220 —
817 2193 934 2232 Falso
962 2216 1014 2221 —-
1041 2192 1298 2242 Inspiciamus
1324 2196 1446 2232 totum
1474 2193 1613 2232 locum.
1660 2193 1733 2233 Pu-

213 2250 408 2302 teolanus,
445 2255 484 2290 et
510 2256 597 2304 post
625 2265 711 2293 enm
740 2254 847 2294 multi
876 2254 942 2295 alii
975 2254 1202 2307 interpretes
1235 2254 1360 2294 locum
1389 2254 1445 2294 sic
1473 2254 1732 2306 distinguunt:

292 2325 339 2351 ac
365 2314 482 2352 veluti
509 2317 622 2365 pacti,
652 2320 841 2356 exercitus
931 2318 1116 2357 salutem:
1145 2318 1241 2356 haec
1269 2318 1407 2358 seditio
1435 2319 1519 2357 sine
1543 2319 1733 2369 sanguine

215 2373 332 2413 stetit.
384 2375 446 2415 Ad
481 2389 614 2417 vocem
654 2379 804 2430 „pacti“
844 2378 1015 2432 suppleri
1051 2379 1254 2420 voluerunt
1292 2381 1491 2432 „essent;“
1529 2380 1734 2421 rei'ntandn

215 2436 287 2475 erit
312 2436 389 2475 ista
414 2439 561 2489 opinio,
588 2442 691 2490 quod
718 2447 821 2481 recte
843 2443 929 2493 jam
957 2442 1106 2482 monuit
1130 2443 1280 2482 Walch.
1309 2448 1347 2483 et
1373 2445 1483 2484 Wex.
1512 2444 1609 2483 satis
1635 2444 1732 2484 dih-

215 2497 300 2538 cide
329 2501 513 2553 exemplis
540 2502 835 2545 demonstravit:
872 2518 1068 2557 nunquam
1099 2507 1273 2558 „essem“
1304 2506 1370 2547 ubi
1398 2519 1488 2547 vere
1517 2510 1577 2547 est
1603 2506 1733 2547 condi-

213 2561 357 2601 tionale
383 2568 450 2602 aut
476 2564 600 2616 finale,
629 2568 749 2606 omitti
768 2569 961 2621 posse;²⁸)
991 2573 1050 2608 est
1076 2569 1150 2609 hoc
1176 2570 1262 2610 loco
1292 2572 1429 2621 „sunt“
1460 2570 1732 2623 supplendum.

343 2719 383 2759 ²³)
426 2719 476 2753 cf.
499 2720 594 2754 Wex.
617 2723 801 2765 prolegom.
824 2735 856 2766 p.
880 2726 951 2758 115.
