1907 2995
219 63 268 101 12

216 178 309 205 usus
337 169 395 203 est
420 162 592 210 Wexius,
630 158 808 199 contendi
836 156 973 207 possit,
997 156 1127 195 verba
1157 155 1244 204 „tibi
1262 157 1487 195 'convertus
1502 160 1580 196 ‘ae2
1582 157 1734 207 judicia

214 231 425 279 poscerent,
458 223 599 274 gravis,
636 223 814 270 intentus,
852 220 1032 258 severus“
1064 227 1351 269 supervacanea
1379 223 1485 269 esse,
1511 230 1607 260 1111111
1630 220 1734 261 istud

215 300 363 340 quoque
403 299 450 326 ex
469 285 592 326 Wexii
625 284 815 324 sententia
835 282 921 332 jam
949 285 1066 320 antea
1092 284 1327 320 transactum
1353 287 1436 320 erat
1452 282 1582 321 verbis
1604 284 1736 334 ,inter

213 356 364 402 togatos
391 350 505 390 facile
525 349 708 399 justeque
735 345 912 397 agebat.“
943 362 995 374 ’-
1024 344 1104 385 Sed
1131 344 1164 384 si
1193 344 1310 384 etiam
1338 345 1484 385 Wexio‘
1497 346 1734 387 concedere

213 427 313 463 mus,
349 414 420 452 hoc
447 413 532 451 loco
559 411 736 449 universe
763 408 813 448 de
840 420 1015 447 curarum
1043 408 1362 457 negotiorumque
1389 408 1627 459 temporibus
1654 410 1731 468 agi,

213 489 339 516 nonne
371 480 450 514 tum
486 485 636 524 quoque
673 472 770 511 haec
805 470 924 509 verba
962 475 1024 521 „et
1060 470 1216 521 saepius
1251 469 1495 510 misericors“
1532 471 1733 522 aptissime

213 538 461 578 adderentur!
514 536 706 584 Profecto,
743 539 849 583 tunc,
882 536 925 571 ut
952 533 1045 571 mihi
1073 532 1240 583 videtur,
1269 533 1407 583 majori
1435 545 1522 572 cum
1544 531 1732 583 juret-

212 601 288 641 Alii
316 601 540 650 interpretes
567 598 762 650 postulant
796 595 890 646 „sed
918 595 1075 647 saepius
1102 596 1358 635 misericors.“
1414 596 1499 635 Hoc
1526 608 1603 636 non
1631 600 1732 647 optus

212 667 290 712 est3
311 661 537 713 saepissime
564 661 665 700 enim
694 658 976 699 confunduntur
993 659 1090 697 haec
1110 659 1299 698 vocabula
1316 659 1417 698 inter
1434 670 1498 698 se:
1521 659 1600 698 vid.
1619 660 1732 698 Boet-

212 726 344 766 ticheri
371 724 480 765 lexic.
509 723 631 763 Tacit.
660 723 699 763 in
727 721 914 774 particula
944 721 1050 773 „et;“
1080 721 1146 761 ubi
1168 721 1272 761 haec
1299 721 1510 762 afferuntur
1537 721 1732 773 exempla:

212 790 305 828 Tac.
334 790 432 827 Ann.
459 789 489 827 I.
521 787 581 826 13.
637 786 790 826 Gallum
818 784 1009 835 Asinium,
1047 784 1202 824 avidum
1232 788 1270 823 et
1296 784 1501 835 minorem,
1534 786 1579 825 V.
1607 786 1646 824 3.
1673 785 1732 824 lit'-

212 858 335 902 terae,
364 864 459 902 quas
486 850 632 902 pridem
662 850 813 889 adlatas
842 853 879 888 et
905 848 1095 887 cohibitas
1123 848 1173 887 ab
1187 849 1364 899 Augusto
1392 847 1555 888 credidit
1582 848 1732 899 vulgus,

215 915 302 954 hist.
330 916 379 954 Π.
407 914 496 953 20..
524 912 710 964 speciosis
748 916 785 951 et
820 911 934 949 irritis
971 911 1202 961 nominibus,
1232 911 1314 950 Liv.
1342 912 1373 949 Ι.
1401 911 1465 950 37.
1498 911 1651 950 montes
1678 911 1731 950 ef-

215 979 299 1018 fuso
327 989 439 1017 cursu
468 976 601 1016 Sabini
629 976 821 1027 petebant,
849 979 886 1014 et
912 973 1026 1026 pauci
1054 978 1223 1014 tenuere.
1276 974 1467 1025 Exempla
1494 987 1516 1014 e
1543 974 1732 1015 Cicerone

214 1041 373 1079 collecta
399 1039 487 1078 vide
514 1039 553 1077 in
581 1038 764 1077 Matthiae
792 1041 885 1076 orat.
912 1038 995 1077 Cic.
1023 1051 1061 1088 p.
1091 1039 1168 1077 229
1196 1038 1235 1076 in
1264 1037 1467 1077 addendis.

339 1135 485 1175 Eodem
514 1134 639 1185 capite
665 1133 877 1185 Wexiusw)
905 1133 1025 1173 verba
1064 1132 1365 1185 „tristitiam
1404 1136 1452 1173 et
1486 1144 1731 1186 arrogan-

213 1199 320 1237 tiam
349 1202 392 1237 et
418 1197 659 1236 avaritiam
689 1198 904 1235 exue1·at“
941 1196 1108 1235 delenda
1134 1200 1255 1247 putat.
1310 1197 1399 1245 Jam
1427 1197 1576 1245 Tanaq.
1605 1196 1733 1234 Faber

212 1260 309 1299 haec
336 1260 454 1298 verba
481 1259 598 1298 deleri
627 1259 747 1297 voluit
774 1259 883 1309 epist.
903 1259 951 1299 ΙΙ.
982 1259 1041 1309 18,
1071 1259 1186 1298 etiam
1215 1255 1502 1309 Peerlcampius
1531 1271 1600 1309 pro
1628 1258 1729 1308 glos-

213 1326 358 1361 semate
394 1321 538 1360 habuit.
593 1321 789 1360 Walchius
822 1321 1037 1371 contendit,
1074 1321 1142 1360 illa
1168 1334 1245 1360 non
1275 1334 1362 1360 esse
1388 1321 1501 1360 vitia:
1542 1321 1729 1371 „tristitia,

212 1384 265 1422 ait
300 1384 382 1433 ille,
419 1385 469 1422 ist
504 1384 573 1422 der
610 1384 749 1428 Ernst,
795 1383 859 1422 die
895 1384 1150 1436 abqemesscne
1185 1385 1301 1423 Kulte
1337 1384 1403 1422 des
1429 1383 1731 1429 Staatmnafnnes,

211 1448 346 1486 welche
372 1447 487 1501 Ranq
513 1447 594 1486 und
631 1447 867 1486 Varkaltuiss
886 1446 1070 1499 fordert7·
1098 1448 1187 1487 eben
1214 1461 1254 1486 so
1282 1448 1405 1501 weniq
1430 1448 1481 1487 ist
1498 1446 1730 1497 arrogantia

213 1513 294 1549 eine
321 1511 583 1564 Anmassuny,
622 1511 755 1549 welche
782 1512 933 1561 nimmt,
972 1525 1052 1550 was
1077 1512 1141 1550 ihr
1167 1512 1269 1550 nicht
1297 1511 1501 1556 zukommt,
1537 1511 1731 1557 vielmchr,

213 1574 347 1611 welche
374 1574 516 1618 nichts,
553 1587 631 1612 was
657 1574 720 1612 ihr
747 1573 896 1625 qehb'rt,
933 1574 1136 1626 aufopfert
1173 1575 1269 1613 auch
1307 1574 1380 1612 das
1416 1574 1575 1613 kleimte
1602 1574 1705 1613 nicht
1713 1587 1729 1621 ;

214 1634 375 1674 avaritia
397 1637 447 1674 ist
470 1636 534 1675 die
551 1643 731 1687 strenystc
750 1649 824 1674 von
842 1636 1055 1687 Vespasian
1076 1637 1248 1688 yebotene
1267 1636 1558 1689 Genavciqlceitfl
1586 1635 1729 1683 Quam-

214 1710 328 1747 quam
355 1697 469 1737 valde
497 1698 699 1748 ingeniosa
727 1701 785 1737 est
812 1697 907 1737 haec
934 1698 1185 1749 ratiocinatio,
1213 1702 1342 1738 tamen
1370 1698 1529 1738 ferenda
1555 1711 1633 1738 non
1659 1703 1728 1749 est,

214 1765 302 1799 sunt
330 1760 430 1799 enim
459 1760 573 1807 vitia,
610 1760 739 1800 multis
776 1761 960 1812 exemplis
992 1761 1066 1802 hoc
1094 1761 1219 1801 evinci
1245 1765 1393 1812 potest:
1430 1761 1478 1801 cf.
1515 1761 1629 1800 Plinii
1666 1774 1728 1813 ep.

212 1824 313 1863 VIII.
340 1825 387 1863 21
419 1853 429 1862 .
444 1853 453 1862 .
469 1854 478 1863 .
507 1824 800 1875 pulcherrimum
838 1829 875 1863 et
906 1824 1218 1864 honestissimum
1251 1824 1448 1874 existimo,
1485 1824 1728 1863 severitatem

212 1890 250 1926 et
277 1886 495 1927 comitatem
523 1886 694 1937 miscere,
723 1899 772 1926 ne
799 1887 866 1926 illa
891 1887 930 1926 in
958 1886 1162 1938 tristitiam,
1190 1887 1288 1927 haec
1314 1887 1353 1926 in
1372 1886 1623 1939 petulantiam
1642 1898 1728 1939 pro·

211 1950 333 2000 cedat,
362 1951 392 1989 I.
423 1950 537 1989 10...
556 1950 682 1989 nullus
709 1950 842 1989 horror
868 1951 906 1990 in
926 1951 1044 2001 vultu,
1072 1950 1179 1990 nulla
1205 1949 1369 2006 tristitia,
1397 1950 1557 1990 multum
1585 1941 1724 1990 seneri-

209 2013 310 2053 tatis.
365 2013 563 2053 Ciceronis
591 2017 685 2053 orat.
712 2014 762 2053 11.
790 2014 878 2052 58...
902 2013 1093 2053 tristitiam
1122 2017 1161 2054 et
1193 2010 1435 2054 severitatem
1469 2012 1647 2064 mitigare
1679 2025 1727 2053 ac

210 2076 394 2115 relaxare.
439 2076 598 2115 Wexius
625 2076 736 2116 affert
763 2077 859 2128 haec
886 2078 1062 2128 exempla
1090 2077 1228 2129 (prleg.
1256 2089 1295 2129 p.
1327 2076 1436 2129 104):
1484 2077 1659 2116 Senecae
1677 2076 1728 2116 de

208 2139 251 2176 ir.
272 2140 300 2177 I.
324 2140 382 2189 16,
411 2143 633 2188 tantumque
661 2152 686 2178 a
712 2139 976 2190 magnitudine
1003 2140 1121 2179 animi
1149 2140 1217 2190 ira,
1246 2143 1429 2190 quantum
1457 2152 1482 2178 a
1505 2138 1727 2179 fortitudine

208 2201 382 2251 audacia,
410 2214 434 2240 a
453 2201 593 2241 fiducia
620 2200 837 2252 insolentia,
865 2203 914 2241 ab
938 2203 1160 2243 austeritate
1183 2202 1349 2253 tristitia,
1377 2215 1403 2242 a
1421 2202 1626 2241 severitate
1642 2201 1726 2259 erii-

208 2265 355 2314 delitas,
384 2265 525 2304 ibidem
554 2266 603 2305 II.
631 2266 720 2307 6...
748 2265 970 2306 iracundiae
997 2265 1150 2306 tristitia
1177 2262 1307 2306 comes
1327 2265 1397 2305 e'st.
1425 2263 1551 2305 Taciti
1579 2262 1726 2321 histjl.

207 2329 321 2367 38...
350 2342 396 2367 ac
415 2341 463 2368 ne
491 2342 566 2378 qua
584 2330 722 2369 saltem
740 2330 779 2369 in
808 2341 1032 2369 successore
1052 2323 1202 2368 Galbae
1230 2332 1320 2380 sp'es
1348 2333 1462 2380 esset,
1490 2328 1654 2368 accersit
1676 2328 1726 2369 ab

209 2391 338 2440 exilio,
373 2404 484 2440 quem
512 2392 664 2431 tristitia
693 2396 731 2431 et
758 2392 919 2431 avaritia
948 2392 1007 2431 sui
1037 2391 1271 2431 simillimum
1293 2391 1508 2442 judicabat,
1536 2383 1566 2431 I.
1597 2386 1648 2430 14
1663 2421 1672 2430 .
1689 2420 1698 2428 .
1715 2420 1725 2430 .

209 2452 473 2492 aestimatione
501 2466 591 2493 vera
619 2459 791 2505 severus,
826 2454 994 2495 deterius
1021 2454 1359 2506 interpretantibus
1386 2453 1530 2493 tristior
1557 2445 1724 2493 habeba-

208 2520 278 2554 tur.
324 2516 522 2567 Proprium
550 2517 666 2556 'etiam
693 2518 922 2558 vocabulum
948 2521 1011 2557 est
1038 2517 1086 2556 de
1114 2517 1295 2557 affecta-ta
1322 2509 1724 2557 morum'severitate:

209 2579 255 2619 cf.
286 2579 414 2627 Quint.
443 2579 541 2619 Just.
569 2593 737 2631 prooem.
769 2582 818 2621 15
843 2612 853 2621 .
870 2613 877 2622 .
895 2613 904 2622 .
935 2581 1004 2621 sed
1031 2581 1177 2621 vultum
1210 2585 1248 2621 et
1280 2580 1473 2622 tristitiam
1506 2583 1545 2620 et
1572 2579 1723 2619 *dissen-

336 2707 375 2748 Ἡ’)
420 2706 470 2740 cf.
495 2707 588 2740 Wex.
611 2707 793 2749 prolegom.
816 2718 847 2750 p.
871 2710 933 2742 104
956 2711 990 2742 et
1012 2717 1080 2750 seq.
