1907 2995
199 45 251 88 18

195 161 340 190 nom
362 152 403 188 et
428 147 552 188 multa
564 145 784 196 graviorem
800 142 963 194 quidem>
981 155 1161 195 cauam„
1178 155 1300 194 quan
1322 142 1455 193 uerba,
1481 155 1587 194 quae
1598 149 1710 186 ante-

196 211 342 254 cedunt
380 220 578 261 „recessus
614 219 661 251 ac
697 206 841 248 sinus.“
903 204 1090 248 Similiter
1128 205 1222 247 dicit
1257 204 1511 257 Thucydides
1544 207 1607 247 V.1.
1647 209 1707 259 111,

198 274 267 325 „uk
294 273 366 323 γὰρ’
386 270 449 309 διὰ
474 273 644 309 alchim
671 269 772 318 ἴσμεν
799 268 1069 317 θαυμαζόμενα
1084 271 1144 305 καὶ
1161 268 1209 305 τὰ
1226 274 1354 315 πεῖραν
1370 266 1499 317 ἥκιστα
1516 272 1579 317 τῆς
1596 272 1712 319 δόξῃς

192 337 339 376 δόκα.“
377 336 501 376 Petro
514 346 598 374 uon
610 332 794 383 intelligo,
822 331 1013 382 quomodo
1032 331 1170 372 deletis
1188 330 1275 370 istis
1291 330 1419 371 verbis
1437 330 1556 371 verba
1581 343 1709 381 „nunc

192 398 375 438 terminus
396 398 525 447 patet“
555 400 711 445 atquae
728 399 938 445 sequuntur-
967 395 1062 445 „sed
1090 395 1195 434 nulla
1215 395 1301 444 jam
1330 394 1431 436 ultra
1456 396 1577 444 gens“
1608 395 1707 436 inter

192 474 234 501 se
260 459 508 501 cohaereant!
560 458 646 509 Ego
682 470 808 509 neque
843 456 1069 498 mutandum
1107 457 1180 497 hoc
1215 455 1257 496 in
1283 456 1369 497 loco
1395 455 1607 507 quidquam
1634 468 1707 496 nec

191 535 259 575 pro
286 523 419 573 glossa·
443 521 663 561 habendum
689 532 777 561 esse
805 531 957 570 censeo,
985 524 1026 559 et
1052 520 1109 559 sic
1137 532 1225 559 eum
1253 518 1424 570 explico:
1462 519 1631 560 Romani
1654 519 1708 560 ad

191 586 345 638 ultimos
377 584 600 624 Bsitanniae
635 584 731 624 fines
773 582 841 635 (ad
877 582 1146 635 Caledoniam)
1182 582 1372 624 accedunt
1397 605 1450 611 —-
1478 581 1598 634 (nunc
1633 587 1707 626 ter.-

191 650 321 691 miuus-
351 648 572 689 Britanniae
608 647 750 700 patet):
788 645 938 686 incolae
975 647 1108 696 quales
1145 651 1183 686 et
1220 645 1344 699 (quot)
1382 645 1478 696 sint,
1515 644 1704 696 nesciunt,

190 713 341 764 plurimi
367 718 495 751 aute·
533 724 600 750 eos
636 712 860 761 aestimant,
897 724 1013 760 quum
1049 712 1156 750 fama
1190 712 1241 750 de
1276 710 1421 761 ignotis
1458 710 1582 751 maior
1617 722 1706 751 esse

190 775 312 814 soleat
338 774 468 826 (atque
494 786 608 813 omne
635 774 807 824 ignotum
841 787 909 825 pro
947 787 1076 825 magn.
1115 773 1202 826 est).
1258 773 1452 823 Calgacus
1488 772 1605 823 igitur
1639 772 1705 812 sti-

190 838 332 878 mulum
359 837 507 876 virtutis
536 837 594 876 his
621 837 748 877 verbis
776 838 922 877 civibus
951 838 1070 888 addit,
1111 850 1227 887 quum
1254 837 1354 876 ultra
1381 836 1487 876 nulla
1514 835 1564 876 sit
1590 840 1704 886 terra

189 913 263 950 quo
304 899 377 950 ipsi
417 899 619 949 refugiant.
674 901 780 939 Bene
821 900 1040 940 Waltherus
1076 899 1128 940 ad
1164 899 1434 951 explicandam
1472 899 1703 947 sententiam

187 963 298 1002 affert
325 962 409 1001 Liv.
436 962 612 1002 xxvm.
640 963 703 1001 44.
755 962 816 1002 Ad
843 962 915 1003 hoe
949 964 1075 1014 major
1101 963 1320 1014 ignotarum
1347 974 1473 1002 rerum
1493 965 1553 1001 est
1571 966 1704 1003 terror.

188 1027 299 1067 Bona
324 1026 504 1074 malaque
530 1025 695 1065 hostium
723 1024 770 1065 ex
797 1026 1010 1077 propinquo
1039 1026 1237 1077 ingressus
1264 1026 1362 1066 fines
1389 1023 1570 1077 aspicias.

746 1196 893 1244 CAP.
925 1197 1143 1244 XXXV.

641 1269 852 1314 TAOITI
893 1269 1254 1316 AemconAn.

312 1359 504 1411 Legiones
531 1373 600 1412 pro
627 1360 729 1400 vallo
757 1364 953 1411 steterunt,
991 1361 1130 1411 ingens
1158 1361 1342 1400 victoriae
1377 1360 1509 1410 decus,
1550 1372 1595 1410 „c
1604 1359 1617 1398 i
1627 1363 1642 1397 t
1651 1372 1670 1398 r
1678 1372 1704 1399 a

186 1423 453 1461 Romanum
481 1424 778 1473 sanguinem
807 1424 1085 1474 bellandi,“
1116 1429 1155 1463 et
1181 1424 1377 1474 auxilium,
1405 1423 1439 1463 si
1457 1422 1702 1474 pellerentur.

311 1496 380 1535 His
417 1496 455 1536 in
494 1497 621 1536 verbis
657 1498 765 1536 Wex.
802 1498 991 1538 vocabula
1034 1498 1187 1550 „citra
1228 1499 1356 1538 Rom.
1399 1495 1701 1549 sanguinem

185 1558 437 1597 bellandi“
467 1571 536 1610 pro
563 1560 797 1609 glossemate
830 1560 957 1599 habet.
1014 1561 1221 1600 Contendit
1258 1561 1359 1600 enim
1397 1559 1701 1599 additamentum

185 1621 279 1661 illud
306 1634 460 1673 prorsus
497 1634 822 1674 supervacaneum
858 1624 1110 1675 tautologiam
1148 1624 1311 1675 habere3
1353 1623 1472 1662 verba
1499 1622 1567 1661 illa
1609 1635 1702 1673 „pro

184 1684 286 1723 vallo
314 1686 520 1724 steterunt“
550 1685 644 1723 nihil
672 1686 775 1724 aliud
804 1686 1033 1737 significare,
1062 1688 1137 1725 nisi
1166 1688 1249 1726 sine
1275 1689 1448 1726 Romano
1468 1686 1588 1724 milite
1606 1699 1701 1735 pug-

184 1751 316 1786 natum
335 1759 443 1797 esse3
472 1748 647 1787 Tacitum
677 1754 778 1788 certe
806 1750 972 1789 scribere
990 1750 1173 1790 debuisse
1204 1750 1323 1797 „citra
1341 1751 1451 1789 Rom.
1472 1748 1700 1799 sanguinem

183 1809 375 1850 vincendi.
405 1833 455 1838 —
483 1810 707 1851 Consentire
741 1824 826 1851 cum
863 1824 909 1852 eo
946 1825 1023 1852 non
1060 1826 1232 1865 possum.
1286 1814 1385 1853 Nam
1422 1811 1586 1863 primum
1623 1823 1701 1850 non

183 1872 283 1911 inest
309 1873 434 1912 verbis
462 1873 501 1912 in
529 1874 604 1913 illis
632 1875 862 1926 tautologia:
899 1888 970 1927 pro
1007 1877 1110 1915 vallo
1147 1880 1288 1916 stetere
1325 1887 1420 1915 sane
1458 1878 1517 1914 est
1555 1887 1632 1913 non
1660 1874 1699 1913 in

183 1935 306 1973 aciem
334 1935 580 1986 descendere,
609 1937 677 1976 sed
707 1938 779 1977 hoc
806 1939 902 1988 loco,
932 1938 998 1978 ubi
1026 1939 1186 1978 Tacitus
1213 1943 1320 1978 tanta
1348 1951 1435 1978 cum
1463 1937 1500 1976 vi
1527 1949 1701 1988 pugnam

182 1997 307 2048 ipsam
334 1997 526 2049 describit,
555 1999 725 2051 profecto
752 2001 938 2041 rationem
959 2006 997 2041 ct
1014 2002 1163 2041 firmam
1183 2001 1338 2052 quidem
1357 2000 1502 2051 habuit,
1530 1998 1700 2039 addendi

182 2059 250 2098 illa
277 2061 393 2100 verba
422 2061 541 2112 „citra
568 2063 781 2102 Romanum
808 2064 1035 2114 sanguinem
1054 2064 1261 2104 bellandi.“
1292 2087 1345 2093 -
1370 2063 1563 2103 Victoriae
1581 2062 1701 2101 decus

184 2135 261 2162 uon
288 2123 533 2175 hypothetice
561 2124 704 2165 dictum
734 2130 801 2178 est,
831 2127 899 2167 sed
928 2128 1201 2168 confirmantur
1228 2127 1325 2167 haec
1351 2126 1471 2166 verba
1489 2124 1699 2176 vocabulis,

182 2198 280 2236 quae
308 2192 514 2237 sequuntur
544 2188 662 2239 „citra
689 2190 903 2229 Romanum
932 2191 1160 2240 sanguinem
1189 2190 1399 2230 bellandi.“
1429 2213 1482 2218 —
1499 2188 1699 2239 Exempla,

182 2262 281 2300 quae
320 2251 430 2291 affert
469 2252 695 2305 Wexius,²⁸)
736 2253 835 2294 alius
875 2267 1032 2307 prorsus
1073 2254 1228 2306 generis
1269 2257 1368 2295 sunt.
1424 2251 1572 2294 Eodem
1609 2250 1699 2304 jure

183 2313 339 2351 Wexius
366 2315 597 2353 contendere
624 2316 757 2367 possit,
785 2318 904 2355 verba
934 2318 994 2367 „si
1015 2319 1269 2367 pellerentur“
1291 2329 1581 2368 supervacanea
1599 2328 1698 2354 esse.

183 2375 270 2424 Qua
296 2389 337 2416 re
373 2390 448 2418 non
486 2378 562 2418 dici
597 2379 739 2431 possit,
777 2380 872 2420 citra
908 2380 1134 2432 sanguinem
1169 2381 1326 2432 bellare,
1368 2393 1443 2435 ego
1478 2378 1699 2432 perspicere

310 2480 350 2522 ²⁸)
394 2481 486 2515 Bene
508 2483 654 2525 disputat
676 2487 791 2517 contra
811 2483 965 2517 Wexium
987 2483 1135 2518 Kritzins
1156 2485 1192 2518 in
1214 2488 1347 2519 commt.
1370 2484 1486 2517 (πίθοι
1512 2491 1612 2524 saepe
1634 2482 1698 2514 iam

183 2530 316 2564 laudata
336 2543 412 2575 pag.
435 2535 477 2566 16
505 2535 603 2575 „nihil
632 2535 694 2568 hac
723 2537 886 2568 sententia
916 2536 1079 2578 (legiones
1099 2547 1162 2579 pro
1183 2538 1273 2570 vallo
1295 2540 1418 2570 stetere
1439 2536 1581 2569 etcitra
1600 2535 1698 2568 Rom.

184 2592 275 2625 sang.
298 2584 375 2617 belli
393 2586 609 2628 tautologiam
628 2590 714 2629 esse)
736 2588 866 2621 falsius:
888 2598 965 2621 nam
984 2589 1041 2631 qui
1060 2600 1121 2631 pro
1139 2591 1229 2623 vallo
1247 2590 1390 2631 subant,
1412 2599 1479 2621 non
1497 2597 1539 2621 eo
1558 2587 1700 2621 consilio

184 2635 323 2677 stabant,
345 2641 382 2669 ut
403 2648 468 2670 non
491 2638 523 2670 in
545 2639 649 2672 aciem
671 2640 918 2681 descenderent,
941 2641 1000 2673 sed
1019 2646 1065 2682 ut,
1088 2642 1115 2674 si
1134 2652 1220 2683 opus
1239 2646 1337 2683 esset,
1360 2640 1585 2683 pugnantibus
1605 2640 1698 2672 auxi·

183 2687 264 2721 lium
286 2688 415 2722 ferrent.
459 2691 496 2723 In
519 2692 637 2724 stando
667 2692 768 2734 igitur
796 2703 864 2727 non
891 2693 955 2728 fuit
984 2693 1086 2728 decus
1115 2694 1211 2736 illud,
1240 2694 1334 2736 (ωοᾰ
1361 2693 1510 2736 legiones
1539 2692 1699 2726 Ὑὶῦῑῡΐῑῧθ
