1907 2995
245 613 314 667 DE
346 623 665 670 GLOSSEMATIS
692 620 832 670 'VERIS
865 624 923 669 ET
955 625 1112 670 FALSIS
1145 625 1195 670 IN
1228 615 1388 670 TACITI
1418 614 1673 670 AGRICOLA.

329 916 426 956 Cum
463 917 721 968 superioribus
758 917 942 967 saeculis,
987 921 1067 957 tum
1101 920 1235 956 nostra
1269 916 1476 968 praecipue
1511 920 1639 956 aetate
1675 916 1715 955 in

201 979 438 1020 recensendo
466 983 505 1020 et
531 979 758 1032 explicando
785 979 911 1019 Taciti
935 979 1117 1030 Agricola
1143 979 1252 1018 multi
1277 979 1351 1018 viri
1378 979 1481 1018 docti
1513 983 1552 1018 et
1579 978 1716 1018 eruditi

201 1041 369 1081 studium
405 1055 636 1093 operamque
671 1046 891 1093 posuerunt.
952 1041 1184 1082 Nominandi
1221 1046 1329 1081 sunt:
1377 1043 1468 1081 Em.
1505 1041 1714 1091 Dronkius,

202 1103 310 1143 cuius
347 1116 465 1155 opera
505 1105 713 1156 adjuvante
753 1105 838 1145 Jac.
872 1105 1069 1144 Clemente
1108 1116 1145 1143 V.
1179 1104 1216 1143 d.
1251 1104 1372 1143 codex
1408 1104 1617 1143 Vaticanus
1648 1105 1714 1143 Nr.

200 1167 305 1205 4498
325 1178 373 1205 ex
390 1167 547 1207 latebris
564 1171 776 1218 protractus
804 1170 842 1206 et
868 1170 1067 1217 excerptus
1095 1170 1173 1217 est3
1201 1166 1341 1205 deinde
1358 1166 1588 1217 Waltherus‚
1612 1167 1714 1205 Wal-

201 1228 321 1279 chius,
340 1230 517 1280 Ritterus,
546 1230 617 1268 viri
644 1230 694 1269 de
711 1229 893 1280 Agricola
916 1229 1014 1269 bene
1037 1229 1173 1268 meriti.
1220 1229 1374 1280 Optime
1401 1234 1529 1268 autem
1556 1229 1714 1269 meritus

201 1295 276 1342 est,
313 1291 416 1342 quod
442 1292 579 1332 attinet
605 1291 657 1332 ad
684 1292 854 1332 criticam
887 1295 926 1332 et
957 1291 1194 1343 exegeticam
1221 1291 1424 1342 rationem,
1453 1292 1516 1331 Fr.
1544 1292 1713 1343 Wexius‚

201 1354 266 1404 qui
293 1367 433 1394 novam
460 1360 499 1395 et
524 1356 679 1407 plenam
706 1355 950 1395 collationem
981 1355 1198 1406 adornavit,
1235 1368 1322 1395 cum
1358 1355 1397 1394 in
1429 1360 1715 1406 programmate

201 1417 425 1458 Suerinensi
452 1419 543 1458 anni
564 1419 677 1469 1840,
705 1422 785 1458 tum
812 1417 852 1457 in
869 1418 1073 1468 Agricolae
1092 1417 1270 1469 editione,
1298 1430 1397 1469 quae
1415 1417 1556 1469 prodiit
1573 1419 1713 1458 Bruns-

201 1480 315 1530 vigae
342 1494 444 1521 anno
476 1482 590 1521 1852.
643 1481 715 1520 His
743 1480 974 1521 doctissimis
1006 1481 1098 1520 viris
1125 1481 1441 1520 antecedentibus
1473 1481 1589 1520 venia
1619 1482 1714 1520 mihi

199 1543 481 1591 quodammodo
517 1556 614 1594 opus
650 1548 727 1594 est,
763 1543 866 1593 quod
893 1556 966 1593 ego
994 1555 1159 1593 quoque,
1196 1543 1287 1593 tiro,
1325 1547 1486 1583 conatus
1522 1555 1627 1594 sum,
1664 1544 1714 1583 de

199 1606 382 1656 Agricola
406 1606 551 1656 aliquid
586 1606 625 1645 in
662 1606 786 1646 lucem
820 1606 1000 1657 proferre.
1053 1605 1205 1645 Institui
1232 1605 1335 1644 enim
1367 1605 1406 1644 in
1433 1605 1508 1645 hac
1534 1605 1714 1645 disserta-

199 1669 304 1709 tione
330 1669 525 1720 disputare
551 1669 601 1709 de
627 1669 780 1720 glossis,
807 1681 906 1719 quae
931 1668 1050 1708 insint
1075 1668 1116 1707 in
1133 1668 1335 1719 Agricola:
1362 1668 1476 1708 divisi
1494 1672 1613 1708 totam
1637 1668 1714 1708 dis-

199 1733 435 1784 putationem
462 1732 502 1772 in
530 1732 626 1772 duas
652 1738 797 1784 partes;
825 1732 947 1772 altera
973 1743 1094 1781 eaque
1116 1731 1243 1782 priore
1264 1736 1374 1782 parte
1397 1731 1523 1782 agitur
1544 1731 1595 1771 de
1612 1732 1715 1772 veris

200 1795 444 1846 glossematis
470 1795 497 1835 i.
525 1807 559 1835 e.
588 1796 637 1834 de
664 1795 711 1835 iis
738 1795 833 1835 locis
860 1794 900 1834 in
932 1794 1057 1833 Taciti
1083 1794 1280 1845 Agricola,
1317 1794 1358 1833 in
1391 1794 1529 1844 quibus
1561 1794 1715 1844 glossas

198 1871 241 1897 re
267 1871 359 1897 vera
386 1858 623 1909 deprehendi
658 1852 809 1910 putem:
845 1858 966 1898 altera
1000 1862 1110 1909 parte
1141 1849 1268 1909 agitur
1300 1859 1350 1899 de
1381 1858 1430 1899 iis
1456 1858 1568 1909 locis,
1605 1870 1713 1909 quos,

198 1925 241 1960 ut
267 1921 359 1959 mihi
386 1921 554 1972 videtur,
590 1921 757 1961 Ritterus
792 1925 832 1961 et
864 1920 1070 1972 praecipue
1095 1921 1254 1962 Wexius
1290 1922 1435 1973 injuste
1467 1921 1714 1973 glossematis

197 1984 418 2035 suspicione
453 1988 717 2023 oneraverunt.
772 1984 869 2024 Cum
898 1984 985 2034 jam
1020 1984 1061 2024 in
1097 1985 1302 2025 scribenda
1335 1986 1409 2026 hac
1444 1985 1715 2025 dissertatione

197 2059 382 2098 versarer,
410 2047 566 2087 obvenit
591 2047 683 2086 mihi
710 2046 862 2087 fortuito
888 2047 1024 2086 Kritzii
1050 2060 1087 2087 v.
1114 2048 1153 2087 d.
1181 2048 1451 2088 commentatio
1478 2048 1611 2088 critica
1641 2048 1715 2098 „de

198 2110 443 2161 glossematis
475 2110 574 2150 falso
601 2109 726 2149 Taciti
752 2109 955 2160 Agricolae
985 2109 1222 2162 imputatis,“
1261 2123 1359 2160 quae
1393 2111 1535 2162 prodiit
1571 2111 1714 2150 Ersurti

197 2186 301 2213 anno
321 2174 435 2212 1857.
480 2173 635 2224 Inspexi
662 2185 764 2213 eam:
791 2185 1025 2224 magnopere
1053 2173 1177 2223 doleo,
1205 2173 1306 2223 quod
1326 2186 1411 2213 eam
1431 2186 1508 2213 non
1526 2174 1632 2225 prius
1650 2186 1713 2213 ac—

198 2236 300 2287 cepi3
330 2248 399 2276 suo
426 2235 511 2276 loco
531 2235 742 2277 doctissimi
760 2235 831 2276 viri
850 2235 1069 2287 sententias,
1098 2240 1280 2286 quantum
1299 2236 1380 2275 fieri
1404 2241 1564 2288 poterat,
1592 2236 1714 2276 attuli.

323 2320 501 2360 Ceterum
529 2321 656 2361 facere
682 2333 759 2360 non
786 2332 961 2372 possum,
997 2320 1087 2369 quin
1121 2333 1169 2359 ex
1195 2321 1313 2360 animi
1342 2321 1533 2360 sententia
1566 2322 1715 2371 gratias

196 2396 313 2435 agam
336 2383 492 2435 Rittero‚
520 2397 556 2424 v.
585 2384 623 2423 d.
651 2384 759 2423 cuius
786 2383 975 2435 operibus,
1003 2383 1178 2432 quamvis
1206 2384 1360 2434 saepius
1389 2384 1602 2424 sententiae
1630 2385 1715 2424 cius

195 2447 421 2488 adversatus
450 2447 533 2499 sim,
561 2448 623 2488 vel
651 2447 816 2488 maxime
842 2446 1019 2498 adjutum
1047 2459 1110 2486 me
1137 2459 1224 2486 esse
1251 2447 1441 2498 profiteor.
