1907 2995
1662 14 1713 66 13

195 123 360 164 flentem
379 122 567 164 aectoris
594 122 766 162 habitum
793 122 973 172 pessimis
988 122 1169 162 >moribus
1195 122 1528 173 praetendebant„
1558 122 1625 162 De
1650 133 1709 160 ar·

194 183 373 235 rogantia
395 184 447 226 cf.
466 184 559 226 Tae.
586 184 674 226 hist.
692 186 722 226 Ι.
749 185 799 224 51
821 215 830 225 .
846 213 855 223 .
871 214 881 223 .
909 196 1023 236 super
1040 184 1240 224 avaritiam
1260 189 1299 224 et
1316 183 1577 236 arrogantiam
1600 195 1710 235 prae-

194 247 312 298 cipum
334 248 560 290 §.validiorum
589 248 681 288 vitia
706 278 715 287 .
731 279 741 288 .
758 278 767 288 .
795 249 895 288 Anu.
922 249 952 288 Ι.
983 249 1047 298 10,
1080 248 1260 297 quoniam
1292 248 1553 297 arrogantiam
1586 247 1710 287 saevi-

195 309 364 361 tiamque
396 310 555 351 Tiberii>
572 311 862 363 introspexerat.
915 312 1014 351 Ann.
1042 311 1148 351 xm.
1174 311 1202 350 2
1221 340 1231 351 .
1247 340 1257 351 .
1273 340 1284 351 .
1317 310 1448 351 Pallas
1474 309 1572 351 tristi
1605 322 1708 351 arro-

193 374 328 423 gantia
343 395 397 403 -——
414 374 582 415 medium
611 374 668 415 sui
696 378 879 414 moverat.
926 376 986 414 De
1012 374 1175 414 avaritia
1200 375 1249 415 cf.
1275 375 1355 415 Cic.
1381 378 1478 415 orat.
1496 375 1547 414 11.
1574 374 1628 414 40
1642 403 1653 414 .
1669 404 1678 415 .
1697 404 1707 414 .

192 436 394 476 avaritiam
422 437 455 476 si
483 437 616 476 tollere
642 437 768 486 vultis,
796 441 918 476 mater
945 437 1026 477 eius
1054 441 1121 476 est.
1140 437 1320 487 tollenda,
1348 437 1529 477 luxuries.
1556 459 1610 466 —

318 510 492 549 Avaritia
508 514 568 549 est
584 509 774 560 cupiditas
792 509 971 559 habendi,
998 510 1174 559 aviditas,
1192 509 1270 549 vid.
1296 510 1375 550 Cic.
1394 510 1511 550 Tusc.
1529 510 1567 560 4,
1589 511 1636 549 11
1650 539 1660 549 .
1673 538 1683 548 .
1695 540 1705 550 .

193 574 255 610 est
279 571 449 611 avaritia
468 572 635 623 opinatio
662 572 869 611 vehemens
897 571 946 611 de
971 571 1146 622 pecunia,
1172 571 1283 621 quasi
1311 571 1478 623 petenda
1505 572 1556 612 sit
1572 572 1704 612 inhae-

193 645 281 673 rens
317 638 356 673 et
389 631 541 685 penitus
576 634 703 674 insita.
732 659 782 664 —-
823 634 979 674 Wexius
1011 634 1226 685 contendit,
1265 634 1352 685 „qui
1385 634 1479 674 vitia
1513 634 1704 684 quaedam

194 696 307 748 exuit,
334 697 369 737 is
395 702 511 737 antea
537 697 584 737 iis
611 697 839 738 laboraverit
865 709 1024 737 necesse
1051 698 1147 737 est.“
1194 698 1277 737 Hoc
1303 697 1427 748 primo
1454 696 1609 747 quidem
1636 698 1707 737 ad-

194 763 328 809 spectu
353 771 485 799 verum
513 760 678 800 videtur:
706 761 775 800 sed
802 761 951 800 videtur
976 765 1136 799 tantum.
1175 760 1274 799 Nam
1294 772 1444 809 exuere,
1472 772 1703 809 quamquam

193 821 409 873 oppositum
439 827 498 863 est
524 823 640 863 verbo
667 822 861 874 induendi,
889 827 1027 874 tamen,
1056 834 1173 873 quum
1199 822 1384 861 translate
1411 821 1558 873 dicitur,
1587 822 1703 862 etiam

193 884 399 936 significat,
435 898 507 925 nos
534 886 688 925 omnino
715 886 856 925 liberos
884 898 970 925 esse
996 887 1045 925 ab
1073 885 1203 934 aliqua
1219 897 1282 924 re.
1337 886 1455 924 Recte
1481 885 1701 924 Waltherus

192 947 363 987 laudavit
397 948 485 988 hist.
525 949 574 988 Π.
606 948 670 988 86.
725 949 873 988 Fuscus
908 948 1032 1000 prima
1067 948 1224 987 iuventa
1259 947 1492 987 senatorium
1527 947 1703 987 ordinem

192 1014 348 1049 exuerat
374 1010 429 1062 (h.
457 1023 490 1051 e.
520 1023 604 1050 cum
631 1015 763 1061 posset
790 1016 944 1050 senator
968 1011 1049 1050 fieri
1065 1011 1128 1050 vob
1154 1010 1382 1060 dignitatem
1405 1010 1576 1050 familiae
1594 1023 1700 1062 suae,

191 1071 390 1125 abstinuit)
419 1076 457 1111 et
482 1073 581 1112 Ann.
609 1074 672 1112 VI.
700 1073 815 1112 25...
848 1073 1062 1124 Agrippina
1078 1072 1216 1112 dieitur
1233 1072 1405 1112 virilibus
1424 1072 1526 1112 curis
1543 1072 1701 1112 femina-

191 1146 273 1174 rum
301 1134 395 1174 vitia
422 1135 592 1186 exuisse3
628 1135 678 1175 ad
714 1148 826 1186 quem
861 1136 986 1176 locum
1020 1135 1288 1187 explicandum
1315 1135 1412 1175 haec
1442 1135 1567 1186 affert,
1599 1135 1701 1186 quod

191 1209 268 1235 non
296 1197 488 1247 intelliges
521 1201 714 1247 tamquam
746 1198 957 1249 Agrippina
988 1202 1077 1237 ante
1110 1197 1336 1237 feminarum
1363 1197 1466 1237 vitiis
1488 1193 1606 1237 ‘fuerit
1632 1198 1698 1237 ob-

191 1259 317 1309 noxia,
346 1258 415 1298 sed
443 1259 604 1310 scriptor
630 1259 733 1310 dicit,
761 1260 1009 1311 Agrippinam
1035 1270 1263 1309 quamquam
1289 1260 1471 1299 feminam
1498 1272 1524 1299 a
1540 1259 1699 1299 femina·

190 1333 272 1360 rum
299 1321 401 1361 vitiis
428 1322 547 1361 fuisse
574 1322 744 1361 liberam.
798 1324 857 1361 Ita
882 1327 1011 1362 nostro
1039 1334 1188 1371 quoque
1215 1322 1300 1361 loeo
1327 1322 1510 1371 Agricola
1536 1322 1586 1360 ab
1613 1322 1698 1361 istis

190 1383 292 1423 vitiis
319 1384 415 1423 liber
440 1383 559 1423 fuisse
585 1384 732 1425 dieitur.
779 1385 1016 1435 Significatio
1044 1396 1181 1423 exuere
1208 1383 1315 1423 verbi
1342 1407 1394 1412 —
1421 1384 1581 1423 liberum
1609 1396 1697 1423 esse

190 1447 240 1486 ab
267 1447 396 1497 aliqua
422 1459 566 1487 re—non
595 1447 668 1487 sita
695 1452 754 1488 est
779 1448 819 1487 in
846 1447 1232 1500 plusquamperfecto,
1260 1451 1302 1486 ut
1327 1445 1488 1486 Rothius
1514 1446 1697 1497 interpre-

190 1514 300 1559 tatur,
329 1510 398 1549 sed
424 1509 464 1549 in
491 1510 575 1561 ipso
602 1511 720 1550 verbo
748 1515 786 1550 et
811 1511 974 1550 fortasse
992 1523 1040 1549 ex
1057 1522 1197 1560 graeco
1214 1510 1320 1550 fonte
1338 1510 1520 1560 manavit,
1548 1513 1590 1548 ut
1609 1509 1695 1559 jam

190 1573 386 1612 Dronkius
405 1574 565 1613 monuit:
597 1574 687 1624 „Sic
704 1575 902 1614 Demosth.
931 1574 993 1613 ad.
1012 1573 1163 1624 Leptin.
1199 1575 1236 1622 ξ.
1268 1575 1302 1611 1.
1331 1572 1438 1621 φήσει
1464 1571 1496 1609 ‹5'
1526 1572 1698 1616 ἀναξίους

188 1635 287 1678 τινὰς
314 1635 534 1684 ἀνθρώπους
561 1637 772 1685 εὑρομένους
799 1636 955 1674 ἀτέλειαν
983 1638 1205 1674 ἐκδεδυκέναι
1231 1634 1296 1678 τὰς
1327 1636 1552 1684 λειτουργίας,
1591 1637 1628 1673 et
1655 1633 1694 1672 in

189 1698 287 1738 Plat.
317 1698 472 1749 Cratylo
499 1700 588 1748 426,
616 1700 665 1738 A.
690 1699 847 1742 ἐκδύσεις
873 1703 959 1739 sunt
986 1698 1164 1748 effugia.“
1171 1698 1223 1750 21)

755 1843 981 1898 CAPUT
1008 1848 1128 1896 XII.

639 1922 850 1967 TACITI
892 1922 1248 1966 Aomcomss.

470 2044 479 2053 .
495 2045 505 2054 .
533 2014 655 2054 solum
682 2019 834 2066 praeter
860 2016 984 2054 oleam
1010 2014 1202 2064 vitemque
1229 2017 1269 2054 et
1293 2018 1421 2059 cetera
1448 2012 1693 2053 calidioribus

441 2077 550 2116 terris
586 2077 674 2117 oriri
709 2081 820 2117 sueta
852 2077 1003 2128 patiens
1030 2077 1181 2127 frugum
1220 2076 1554 2127 „fecundum‚“
1584 2076 1693 2115 tarde

438 2139 651 2190 mitescunt,
679 2139 754 2179 cito
780 2139 1016 2190 proveniunt.

315 2212 414 2251 Sunt
445 2211 689 2263 interpretes,
726 2212 790 2262 qui
826 2213 927 2252 hunc
961 2213 1085 2252 locum
1122 2213 1178 2252 sic
1213 2212 1451 2262 distinguunt
1486 2212 1639 2251 solum.

188 2277 299 2313 sueta
324 2274 484 2325 patiens,
512 2274 663 2325 frugum
691 2275 894 2315 fecundum
922 2299 974 2304 —
999 2280 1041 2315 ut
1066 2276 1295 2316 Waltherus.
1349 2275 1411 2314 Ad
1436 2287 1574 2315 vocem
1603 2287 1693 2325 „pa-

187 2336 311 2375 tiens‘-‘
338 2336 518 2388 intelligit
543 2350 602 2392 ea,
629 2350 728 2387 quae
753 2338 863 2377 terris
891 2338 977 2378 oriri
1005 2338 1130 2377 solent
1157 2338 1408 2390 (Gemma),
1435 2342 1477 2376 nt
1502 2337 1696 2376 sententia

188 2399 257 2438 sit·
263 2399 388 2439 oleam
415 2399 605 2449 vitemque
641 2404 680 2439 et
715 2404 843 2440 cetera
878 2401 1121 2440 calidioribus
1155 2400 1265 2440 terris
1301 2400 1392 2440 oriri
1422 2400 1537 2439 solita
1568 2400 1695 2439 solum

315 2504 356 2547 ²¹)
400 2504 497 2544 Quod
525 2505 641 2538 attinet
669 2506 712 2539 ad
733 2506 843 2540 Wexii
871 2507 1082 2549 sententiam,
1110 2517 1178 2540 non
1207 2507 1387 2548 comparari
1410 2506 1600 2548 Agricolam
1628 2505 1692 2539 boc

187 2556 263 2589 loco
285 2566 358 2589 cum
380 2557 453 2590 aliis
474 2557 689 2600 praesidibus,
712 2559 867 2601 explicari
889 2563 1023 2600 tantum,
1046 2559 1152 2601 qualis
1169 2559 1241 2601 ipse
1259 2558 1407 2591 fueritin
1428 2555 1551 2599 officio,
1574 2558 1692 2600 qualis,

187 2610 243 2642 ubi
266 2608 378 2643 officio
401 2610 619 2653 satisfactum3
642 2612 761 2645 deinde
779 2613 953 2654 tristitiam,
974 2613 1205 2654 arrogantiam,
1226 2612 1397 2645 avaritiam
1416 2611 1498 2644 vitia
1515 2619 1592 2645 esse
1610 2621 1693 2653 quo-

188 2663 239 2696 vis
259 2663 410 2705 praeside
432 2664 576 2706 indigna,
598 2665 682 2698 bene
704 2675 774 2698 eam
797 2666 952 2699 refutavit
973 2665 1119 2698 Kritzius
1141 2675 1258 2698 comm.
1281 2675 1324 2698 cr.
1347 2675 1422 2706 pag.
1446 2665 1496 2697 10.
