1907 2995
1673 29 1732 73 11

219 130 1729 188 mmm.11amsidm1pmst,utwemsoenoedssnum
1784 88 1788 91 ῃ

220 193 577 246 monrium,
611 194 891 248 tumprofccto
924 195 1330 251 dieietiampooem,
1367 198 1731 252 einum

220 258 402 299 ficum.
431 259 622 297 converto
649 259 751 298 hunc
777 259 902 298 locum
929 259 1003 299 sie:
1034 262 1173 311 „hohor
1196 263 1323 301 Raima
1349 262 1455 303 heim
1468 264 1598 317 ἂρ,
1615 277 1729 304 σοι

220 320 317 362 olme
342 320 564 361 fflmerblaeoe
590 322 656 373 (zu
682 321 908 376 ver-ficum)
944 324 1140 378 ycklimpft
1174 325 1316 365 warde.
1352 349 1407 356 —
1439 326 1558 375 Quod
1590 326 1728 367 annet

220 384 272 424 ad
299 383 529 435 scripturam
553 384 730 424 bellandi
763 390 829 424 ant
863 386 1032 437 hellanti,
1069 388 1158 427 nolo
1193 400 1349 438 negare,
1383 389 1548 429 bellmti-
1573 401 1729 439 quoq-e

220 445 312 487 ferri
336 457 463 498 posse,
492 450 620 486 tamen
649 459 724 498 ego
750 447 899 488 retineo·
920 452 1088 490 veterum
1111 449 1296 490 'librom
1322 450 1549 503 seriptum
1574 455 1617 492 et
1635 464 1728 492 eu-

219 508 416 549 walthero
443 509 672 559 gerundium
699 523 768 561 pro
786 511 971 551 infinitivo
988 513 1154 563 positum
1173 513 1334 564 explico.
1378 514 1531 554 Similia
1547 515 1726 566 exempta

219 583 256 613 v,
284 572 387 624 apud
413 573 555 613 walth.
583 577 623 613 et
648 573 822 614 Wexium
849 574 887 614 iu
915 575 1224 617 annotationibus
1251 576 1302 616 ad
1328 581 1497 617 nostum
1524 578 1663 618 locun.

345 634 495 681 Eodem
521 641 646 693 capite
673 642 829 683 Wexius
854 644 1082 684 vocabulum
1121 644 1315 696 „simul“
1352 645 1558 686 delendum
1594 649 1726 698 put-2¹3

223 709 313 745 sunt
338 705 435 744 haec
462 705 587 745 Taciti
614 705 750 745 verba:

471 773 570 812 Tum
598 774 786 824 Agricola,
815 779 1018 825 superante
1044 775 1209 815 hostium
1234 776 1475 816 multitudine
1492 777 1646 827 veritus,
1674 789 1725 816 ne

472 836 584 876 simul
610 837 650 875 in
677 837 849 887 frontem,
878 837 990 877 simul
1018 842 1056 877 et
1082 838 1205 879 latera
1231 851 1385 878 suorum
1411 844 1658 890 pugnaretur.

345 904 433 943 Duo
471 908 570 954 sunt,
606 904 645 942 in
683 904 819 953 quibus
855 904 1013 948 offendit
1047 905 1226 945 Wexius:
1262 906 1446 956 primum,
1483 907 1548 946 ubi
1584 907 1722 957 Latini,

219 965 350 1017 inquit,
378 966 490 1006 simul
520 991 567 996 -
596 964 710 1006 simul
736 966 877 1017 dieunt,
904 966 957 1006 ibi
984 980 1138 1019 semper
1163 967 1395 1018 praepositio
1414 968 1561 1019 utrique
1579 966 1724 1008 nomini

149 1053 151 1056 >
218 1030 416 1080 adjicitur3
445 1030 687 1069 scribendum
714 1030 831 1080 igitur
857 1035 948 1080 erat,
975 1031 1023 1070 in
1050 1030 1347 1071 laterazdeindc
1374 1031 1724 1072 simul—simul

222 1096 274 1133 et
299 1115 353 1121 —
378 1092 545 1133 alienum
573 1096 632 1132 est
658 1105 683 1132 a
710 1092 983 1133 consuetudine
1009 1093 1243 1133 Latinorum.

345 1163 430 1200 Non
458 1162 642 1211 intelligo,
669 1162 859 1211 quomodo
885 1163 1040 1201 Wexius
1067 1175 1137 1212 pro
1164 1175 1235 1201 suo
1253 1162 1383 1207 critico
1401 1162 1558 1212 ingenio
1577 1162 1723 1202 levissi—

221 1221 295 1264 mis
321 1221 361 1263 iu
388 1222 502 1264 rebus
530 1222 724 1278 offendere
750 1223 891 1276 possit!
935 1224 997 1266 Nil
1024 1223 1246 1266 offensionis
1274 1224 1374 1264 inest
1399 1224 1475 1265 illis
1507 1224 1546 1264 iu
1583 1224 1722 1265 verbis.

219 1310 271 1315 —
297 1287 459 1326 Exstant
486 1287 662 1337 exempla
687 1300 764 1326 non
792 1287 905 1327 modo
932 1288 1032 1338 apud
1061 1288 1237 1327 Tacitum
1265 1292 1303 1327 et
1328 1288 1490 1338 Livium,
1518 1288 1588 1328 sed
1605 1288 1721 1328 etiam

219 1347 323 1399 apud
350 1347 572 1388 Ciceronem
585 1378 595 1398 ,
632 1348 671 1387 in
708 1348 843 1399 quibus
870 1349 1101 1400 praepositio
1129 1361 1205 1389 non
1232 1349 1394 1400 repetita
1428 1353 1506 1389 est:
1551 1353 1593 1389 ut
1627 1350 1721 1388 Tac.

220 1412 322 1450 Anu.
348 1412 413 1451 VI.
431 1412 480 1451 51
498 1441 509 1451 .
525 1441 536 1451 .
550 1441 562 1451 .
588 1425 816 1462 quamquam
836 1416 957 1452 mater
982 1412 1020 1451 in
1040 1412 1188 1452 Liviam
1216 1416 1254 1452 et
1271 1425 1359 1452 mox
1377 1411 1518 1453 Juliam
1536 1411 1721 1452 familiam

218 1473 499 1526 adoptionibus.
517 1474 721 1515 transierit.
750 1499 801 1505 —
827 1475 928 1515 Anu.
955 1475 1040 1515 XII.
1068 1475 1120 1515 36
1147 1477 1285 1515 stetere
1309 1474 1347 1514 in
1372 1474 1489 1515 armis
1506 1473 1722 1527 praetoriae

218 1537 405 1586 cohortes,
447 1549 594 1587 campo,
635 1537 700 1586 qui
735 1538 803 1577 rel.
858 1538 1044 1588 Exempla
1080 1537 1416 1588 praepositionum,
1452 1538 1518 1577 ubi
1554 1537 1724 1577 omissae

218 1599 297 1640 sint
321 1599 410 1639 vide
437 1598 681 1651 Oudendorp.
716 1599 767 1639 ad
801 1600 912 1640 Caes.
940 1600 984 1639 B.
1012 1613 1051 1651 g.
1078 1600 1128 1639 ΙΙ.
1164 1600 1201 1650 4,
1231 1600 1281 1639 10
1315 1599 1513 1639 Drakenb.
1550 1598 1602 1639 ad
1636 1598 1721 1638 Liv.

218 1664 281 1702 VI.
309 1664 372 1713 28,
406 1664 444 1702 6.
477 1663 597 1703 Kritz.
624 1663 676 1701 ad
704 1664 801 1702 Sall.
828 1664 911 1702 Cat.
938 1664 1002 1703 49.
1029 1663 1201 1702 Wunder
1225 1676 1306 1701 var.
1333 1663 1420 1702 lect.
1448 1675 1496 1702 ex
1522 1662 1607 1703 cod.
1640 1661 1720 1701 Erf.

216 1739 255 1777 p.
283 1727 335 1765 26
362 1730 401 1765 et
427 1738 508 1775 seq.
536 1724 664 1766 Otton.
693 1738 828 1765 excurs
854 1726 898 1765 V.
925 1724 974 1765 de
1000 1724 1284 1777 praepositione
1310 1725 1370 1765 bis
1397 1724 1577 1777 ponenda
1598 1724 1720 1764 altero

218 1789 303 1828 loeo
318 1786 475 1830 ‚omissa
501 1787 553 1826 ad
580 1787 659 1827 Cic.
687 1787 737 1827 de
764 1788 848 1827 Fin.
875 1800 913 1839 p.
940 1789 1018 1827 402
1047 1811 1098 1831 <-
1123 1788 1222 1838 4093
1259 1787 1328 1827 sed
1363 1788 1469 1827 Wex.
1505 1786 1720 1827 contendit:

220 1852 311 1903 „ubi
337 1851 464 1891 Latini
492 1850 634 1899 dicunt,
662 1850 774 1891 simul
801 1875 853 1881 —
880 1850 1001 1900 simul,
1029 1850 1083 1890 ibi
1118 1863 1270 1901 semper
1304 1849 1537 1902 praepositio
1572 1849 1720 1900 utrique

218 1914 362 1955 nomini
390 1913 603 1965 adiicitur“3
619 1926 685 1954 cnr
698 1927 775 1954 non
801 1914 913 1955 uobis
940 1927 987 1954 ex
1004 1914 1129 1954 Taciti
1147 1913 1326 1965 operibus
1343 1913 1455 1953 affert
1472 1912 1687 1963 exemplum
1698 1912 1721 1951 2

218 1977 262 2019 Si
290 1976 458 2027 Tacitus,
495 1976 685 2016 scribendi
713 1977 907 2017 concisam
934 1980 973 2015 et
998 1977 1198 2016 obscuram
1226 1976 1450 2015 brevitatem
1485 1986 1721 2025 magnopere

219 2052 375 2089 amans,
412 2039 541 2079 multis
567 2039 607 2078 in
634 2039 721 2078 aliis
747 2039 1065 2089 distinctionibus,
1103 2043 1145 2078 ut
1182 2039 1344 2090 „partim
1368 2062 1421 2068 --
1446 2037 1609 2088 partim,
1641 2050 1720 2076 non

218 2103 342 2144 solum
369 2126 422 2131 —
448 2100 518 2142 sed
546 2100 684 2141 etiam“
722 2126 773 2131 —
808 2100 1130 2154 praepositionem
1164 2101 1274 2140 alteri
1309 2100 1394 2140 voci
1429 2112 1506 2140 nou
1542 2099 1720 2149 admittit,

217 2179 346 2206 nonne
373 2165 489 2205 etiam
515 2165 555 2204 in
582 2164 825 2204 distinetione
852 2164 964 2204 simul
990 2188 1043 2193 —
1069 2163 1192 2213 simul,
1229 2163 1264 2202 ci
1292 2163 1364 2202 hoc
1391 2162 1560 2202 licebat?
1605 2161 1718 2209 Quod

217 2228 354 2272 attinet
379 2227 431 2270 ad
457 2227 616 2269 alteram
634 2226 921 2280 dubitationem,
948 2238 1060 2279 quam
1078 2226 1191 2267 affert
1206 2225 1377 2273 Wexius‚
1403 2224 1719 2276 coniunctionem,

218 2294 332 2333 simul
349 2315 402 2321 -—
415 2293 530 2331 simul
548 2296 586 2330 et
602 2313 655 2321 -—
672 2292 838 2331 alienam
857 2303 944 2330 csse
960 2304 985 2329 a
1001 2291 1274 2345 consuetudine
1287 2290 1519 2338 Latinorum,
1537 2288 1721 2338 concedo,

216 2355 318 2397 haue
334 2353 619 2396 distinctionem
646 2353 776 2408 (simul
794 2377 846 2383 ——
864 2352 976 2394 simul
1002 2352 1056 2407 et)
1082 2364 1159 2393 nou
1186 2350 1473 2392 usitatissimam
1500 2361 1604 2402 esse3
1631 2361 1720 2390 con-

210 2418 328 2469 jungi
355 2418 472 2457 solet:
510 2417 623 2457 simul
649 2440 701 2445 —
728 2417 851 2466 simul,
879 2421 963 2455 aut:
995 2415 1111 2454 simul
1135 2438 1186 2443 —
1212 2419 1260 2464 et,
1289 2419 1373 2453 aut:
1408 2414 1520 2453 simul
1547 2436 1597 2444 —-
1625 2426 1720 2463 que3

216 2523 394 2563 addebant,
415 2522 476 2555 sed
497 2532 598 2564 quum
619 2522 759 2555 victoria
778 2524 837 2554 aut
864 2530 952 2554 cnm
979 2519 1164 2561 legionibus
1192 2522 1251 2551 aut
1278 2518 1370 2551 sine
1398 2518 1440 2551 fis
1467 2518 1575 2559 parari
1596 2521 1722 2559 posset,

216 2577 344 2609 nutum
365 2573 466 2609 modo
488 2575 522 2607 in
543 2575 652 2608 altem·
669 2574 775 2608 decus·
791 2573 863 2615 fuit,
884 2572 1027 2615 positum
1048 2571 1084 2604 in
1099 2580 1152 2612 eo,
1174 2570 1274 2613 quod,
1296 2570 1324 2604 si
1343 2570 1434 2603 solae
1452 2569 1647 2603 auxiliorum
1666 2579 1721 2603 eo·

216 2627 330 2660 hortos
351 2630 469 2669 suapte
490 2627 524 2659 vi
546 2631 580 2660 et
601 2627 723 2660 virtute
744 2627 928 2666 vincerent,
957 2624 1050 2657 ducis
1077 2623 1196 2665 peritia
1216 2623 1382 2665 legionum
1404 2620 1556 2664 sanguini
1578 2622 1612 2655 in
1631 2622 1722 2656 bello

218 2679 367 2723 gerendo
388 2681 605 2722 parceretur.“
630 2698 669 2704 —
