1907 2995
180 72 204 109 6

304 174 421 213 Recte
448 171 642 211 Beckerus
669 169 707 208 in
737 167 984 208 adnotatione
1011 167 1062 207 ad
1100 167 1200 207 hunc
1237 166 1362 206 locum
1398 166 1513 207 dicit:
1553 180 1693 220 „unam

178 237 311 276 vocem
340 248 387 275 ex
413 234 533 273 tribus
559 232 785 282 redundare,
813 231 874 269 vel
901 244 1051 282 manus,
1079 231 1141 270 vel
1168 230 1422 280 centuriones,
1456 231 1519 270 vel
1548 244 1692 283 servos,

179 301 337 351 quisque
364 298 491 338 statim
519 295 713 348 videbit.4)
766 296 851 345 Ego
879 307 967 334 cum
992 295 1138 335 Rittero
1171 307 1208 334 v.
1235 293 1274 333 d.
1301 305 1438 333 vocem
1468 296 1691 345 „manus“

177 377 246 416 pro
272 363 405 414 glossa
430 359 648 400 habendam
676 371 764 399 esse
791 370 943 398 censeo.

302 437 419 477 Jussa
436 433 554 484 legati
572 432 824 483 centuriones,
843 432 1102 483 procuratoris
1121 431 1304 471 mandata
1323 431 1424 471 servi
1443 435 1693 482 exequuntur.

180 500 246 540 Sic
272 501 364 539 Tac.
392 499 492 537 Ann.
519 497 622 536 XIV.
650 497 698 535 31
721 495 898 535 dicit:
926 495 1031 545 quod
1050 499 1184 535 contra
1201 494 1324 545 vertit,
1352 494 1452 534 adeo
1471 499 1514 534 ut
1530 507 1694 546 regnum

178 575 247 614 per
282 560 520 601 centuriones
557 559 692 611 (legati
731 557 931 610 Suetonii),
969 558 1108 597 domus
1143 570 1213 609 per
1249 570 1382 597 servos
1419 557 1694 609 (procuratoris

180 625 337 665 Catonis
364 622 543 676 Deciani)
571 622 676 661 velut
702 625 815 672 capta
849 625 1104 661 vastarentur.
1157 621 1388 672 Discrimen,
1426 620 1529 671 quod
1563 644 1617 650 —
1651 625 1695 661 ut

178 687 371 740 Wexius⁵)
409 686 605 727 contendit
631 709 683 714 —
717 683 866 724 intersit
901 683 1000 724 inter
1037 684 1291 735 centuriones,
1327 684 1393 735 qui
1429 683 1503 725 isto
1531 684 1572 724 in
1607 683 1694 726 loco

179 755 460 803 opponerentur
487 749 608 789 servis
636 753 675 788 et
701 749 800 787 inter
827 749 1081 799 centuriones,
1109 748 1175 798 qui
1202 752 1333 787 nostro
1360 748 1446 788 loco
1465 760 1695 788 commemo-

178 819 360 865 rarentur,
387 813 496 865 parvi
523 811 706 852 momenti
734 815 805 851 est.
851 811 1053 851 Consentit
1077 811 1237 851 Wexius
1265 824 1352 851 cum
1381 811 1596 862 Gronovi03
1629 824 1695 851 vo-

180 877 356 918 cabulum
393 877 569 927 „servos“
609 879 790 925 tanquam
822 874 1018 924 glossema
1054 874 1384 914 exterminandum
1421 878 1551 926 putat,
1592 874 1695 925 quod

179 940 323 991 placuit
357 939 548 990 plerisque
584 937 803 977 editoribus.
856 937 1081 986 Intelligunt
1117 937 1274 976 alterius
1311 939 1382 988 (sc.
1418 937 1694 989 procuratoris)

179 1015 315 1042 manus
335 1002 388 1055 (h.
409 1014 443 1042 e.
462 1013 593 1041 servos
612 1001 878 1051 cohortemque
897 999 997 1054 eius)
1017 1000 1259 1041 centuriones
1278 1000 1435 1041 alterius
1459 1000 1531 1054 (sc.
1558 1001 1695 1055 legati)

179 1066 256 1104 vim
298 1066 365 1104 rel.
420 1065 500 1105 Sed
540 1077 653 1104 nemo
693 1087 746 1092 -—
786 1068 827 1103 ut
861 1064 962 1103 bene
997 1065 1146 1103 monuit
1181 1065 1400 1104 Waltherus
1435 1087 1488 1093 -—
1523 1077 1694 1114 unquam

180 1128 364 1179 exemplis
400 1127 594 1179 probavit,
642 1139 778 1167 manus
814 1131 916 1167 recte
953 1127 1008 1167 ita
1044 1127 1121 1167 dici
1157 1140 1227 1179 pro
1269 1127 1410 1179 servis,
1458 1131 1496 1167 et
1535 1127 1694 1167 alterius

178 1205 334 1241 manus,
372 1191 613 1230 centuriones
640 1190 796 1230 alterius
823 1195 912 1241 apte
940 1191 1104 1231 invicem
1133 1191 1289 1242 opponi.
1330 1192 1411 1231 Nec
1437 1191 1695 1242 procuratoris

178 1253 319 1293 mentio
346 1254 491 1305 priore,
533 1253 601 1294 sed
629 1253 838 1305 posteriore
865 1253 952 1294 loco
990 1257 1073 1293 erat
1108 1253 1300 1305 ponenda,
1342 1253 1433 1305 quia
1458 1254 1575 1305 paulo
1603 1257 1694 1294 ante

177 1318 281 1366 prior
307 1318 475 1366 legatus,
513 1321 551 1355 et
578 1317 718 1355 deinde
745 1321 969 1367 procurator
995 1317 1216 1357 nominatus
1244 1321 1322 1367 est,
1360 1330 1479 1366 quare
1505 1318 1696 1357 vocabula

176 1378 331 1417 alterius
351 1408 361 1417 .
381 1408 391 1417 .
412 1407 422 1417 .
471 1378 627 1418 alterius
646 1408 656 1417 .
676 1409 686 1418 .
706 1409 716 1419 .
762 1393 864 1419 nunc
910 1380 1046 1419 eodem
1093 1380 1227 1420 ordine
1273 1385 1384 1420 erunt
1430 1380 1695 1431 intelligenda,

175 1454 298 1491 neque
333 1446 554 1492 procurator
590 1442 669 1482 suis
706 1444 903 1494 manibus,
946 1444 1016 1483 sed
1056 1456 1251 1483 servorum
1281 1443 1491 1483 ministerio
1524 1443 1695 1494 grassari

175 1505 335 1544 solebat.
378 1506 574 1545 Ciceronis
602 1507 721 1546 verba
748 1507 804 1558 (in
833 1509 938 1546 Verr.
967 1509 1015 1546 ΙΙ.
1048 1508 1125 1559 10),
1150 1521 1249 1557 quac
1269 1507 1486 1547 Gronovius
1506 1507 1556 1547 ad
1576 1507 1696 1558 expli-

175 1567 338 1606 candum
375 1572 545 1607 nostrum
579 1569 704 1608 locum
742 1570 872 1620 affert,
901 1574 1006 1609 recte
1037 1570 1123 1621 jam
1160 1583 1185 1609 a
1211 1570 1437 1623 Walchio,⁶)
1473 1570 1619 1609 Rittero
1657 1574 1696 1609 et

174 1631 307 1670 Wexio
335 1631 500 1671 refutata
535 1637 635 1672 sunt.
692 1633 888 1673 Ciceronis
924 1635 1045 1674 verba
1079 1634 1177 1673 haec
1214 1638 1387 1673 suntz...
1418 1634 1602 1685 „comites
1638 1633 1695 1672 illi

173 1693 227 1732 tui
264 1694 402 1733 delecti
439 1708 577 1734 manus
615 1700 724 1734 erant
760 1700 859 1746 tuae,
897 1697 1094 1747 praefecti,
1131 1697 1295 1746 scribae,
1332 1696 1484 1746 medici,
1525 1696 1692 1746 accensi,

171 1756 405 1808 haruspices,
442 1770 657 1809 praecones
685 1771 822 1798 manus
851 1763 960 1798 erant
995 1763 1105 1798 tuae:
1143 1771 1218 1809 quo
1255 1758 1416 1808 quisque
1453 1762 1492 1797 te
1527 1758 1695 1797 maxime

171 1820 401 1870 cognitione,
430 1822 633 1871 affinitate,
675 1822 961 1861 necessitudine
997 1822 1128 1872 aliqua
1163 1822 1399 1872 attingebat,
1436 1822 1491 1861 ita
1526 1821 1694 1860 maxime

169 1895 307 1922 manus
335 1887 401 1922 tua
427 1884 653 1934 putabatur:
696 1884 834 1923 cohors
861 1889 943 1924 tota
970 1885 1037 1923 illa
1064 1888 1140 1935 tua,
1169 1896 1268 1934 quae
1295 1884 1383 1935 plus
1411 1884 1502 1922 mali
1536 1883 1695 1923 Siciliae

173 1946 289 1997 dedit,
318 1959 433 1997 quam
462 1947 496 1986 si
516 1952 668 1987 centum
699 1947 874 1988 cohortes
901 1948 1148 1998 fugitivorum
1167 1948 1342 1998 fuissent,
1370 1951 1437 1987 tua
1454 1960 1593 1987 manus
1612 1947 1696 1987 sine

171 2010 431 2049 controversia
458 2010 565 2049 suit.“
624 2010 775 2057 Quibus
803 2010 842 2049 in
880 2010 1008 2050 verbis
1045 2023 1120 2050 vox
1159 2011 1344 2062 „manus“
1382 2023 1540 2062 prorsus
1576 2010 1695 2049 aliam

172 2071 493 2121 significationem
520 2072 657 2112 habet:
700 2073 893 2124 significat
921 2074 1023 2112 enim
1052 2074 1222 2124 corporis
1250 2086 1399 2123 manus,
1429 2073 1499 2112 sed
1526 2085 1603 2112 non
1632 2085 1694 2112 co-

173 2133 319 2173 hortem
346 2135 527 2185 aliquam.
556 2135 735 2187 Ritterus,
764 2136 872 2177 cuius
900 2137 1092 2177 sententia
1119 2136 1168 2176 de
1195 2140 1327 2177 nostro
1355 2136 1440 2176 loco
1468 2135 1562 2175 mihi
1580 2135 1695 2175 valde

172 2198 381 2247 probabilis
408 2198 577 2249 videtur,
615 2199 713 2239 haec
750 2212 819 2251 pro
848 2200 1104 2250 explicatione
1137 2200 1265 2238 addit:
1310 2203 1489 2250 „propter
1525 2198 1695 2237 vicinum

172 2261 327 2301 alterius
354 2262 567 2313 proximum
596 2276 735 2303 nomen
766 2264 1009 2304 centuriones
1037 2263 1188 2304 scribae
1215 2263 1474 2315 imprudentia
1505 2262 1695 2303 assimila-

173 2327 253 2362 tum
281 2328 339 2363 est
367 2326 612 2366 centurionis.
665 2327 755 2367 Jam
783 2327 944 2378 genitivi
972 2327 1146 2378 regimen
1174 2339 1290 2378 quum
1309 2327 1474 2377 deesset,
1503 2330 1695 2366 corrector

306 2450 330 2491 ⁴)
372 2452 478 2483 Taciti
508 2452 550 2484 de
579 2453 648 2485 vita
670 2456 703 2485 et
725 2453 871 2486 moribus
895 2454 976 2495 Agr.
1005 2453 1136 2486 libellus
1163 2454 1329 2486 recensuit
1358 2457 1393 2486 et
1421 2453 1465 2487 ad
1494 2450 1694 2486 fidem'cod.

177 2502 284 2535 Vatic.
307 2504 494 2536 emendavit
515 2509 676 2548 notasque
698 2506 862 2547 adspersit
882 2507 916 2540 J.
938 2507 978 2539 H.
1001 2506 1140 2548 Becker,
1162 2506 1281 2540 Hamb.
1306 2507 1398 2539 1826.

306 2561 330 2602 ⁵)
374 2562 415 2593 cf.
437 2562 672 2604 prolegomena
692 2574 725 2605 p.
748 2565 819 2596 119.

304 2617 328 2659 ⁶)
372 2619 506 2652 Tacitus
521 2620 695 2662 Agricola:
721 2620 913 2667 Urschrzsft,
939 2619 1201 2666 Uibcrsetzunffl
1224 2620 1501 2666 Anmcrkunycn
1522 2621 1600 2654 und
1618 2620 1696 2655 eine

176 2669 416 2714 Abhandlunq
431 2671 515 2704 ilber
535 2671 593 2705 die
608 2672 822 2717 Kunstform
837 2675 899 2708 der
913 2673 1064 2708 antiken
1079 2673 1301 2719 Bioyraphie
1323 2674 1436 2709 durch
1456 2674 1495 2709 J.
1512 2674 1555 2708 L.
1574 2673 1696 2709 Walch

177 2721 305 2757 Berlin
329 2723 432 2757 1828.
476 2723 516 2757 cf.
539 2724 580 2757 de
602 2729 716 2759 nostro
738 2726 812 2760 loco
836 2737 866 2769 p.
889 2728 962 2760 221.
