1907 2995
195 180 381 247 susanae,
399 199 450 235 ut
464 158 588 234 §teile
614 193 790 234 videmus
812 205 862 233 ex
877 191 1050 244 Calgaci,
1079 190 1374 232 Caledoniorum
1393 171 1516 240 dacis,
1539 165 1717 234 oratione

200 272 285 311 cap.
317 258 467 299 XXX...
498 268 649 308 pnores
684 262 856 306 pugnae,
890 254 1030 311 qnibns
1062 254 1250 294 adversus
1286 253 1485 295 Romanos
1503 254 1613 295 vatia
1638 254 1716 295 for-

172 332 175 334 ·
199 326 293 362 tuna
319 324 503 361 certatum
531 323 600 369 est,
629 331 737 369 spem
765 331 812 358 ac
839 310 1052 358 subsidium
1079 317 1119 356 in
1146 314 1288 356 nostris
1301 314 1480 356 manibus
1506 315 1714 356 habebant.

198 385 243 425 C.
284 384 429 423 XXXI.
482 382 563 422 Nos
589 381 729 431 integri
755 384 801 420 aet
831 379 1008 421 indomiti
1026 383 1074 420 σοι
1093 379 1139 418 -ἰκι
1167 378 1383 418 libertatem
1410 390 1488 418 non
1515 379 1555 418 in
1583 379 1715 430 poeni-

197 447 355 487 tentiam
383 444 602 494 laboraturi,
629 444 753 495 primo
780 442 908 483 statim
937 454 1125 483 concursu
1153 440 1413 492 ostendamus,
1433 453 1530 492 quos
1549 441 1623 482 sibi
1643 441 1715 482 Oa-

196 509 350 550 ledonia
380 508 484 547 viros
519 506 734 558 seposuerit
759 530 812 536 —
838 509 877 545 et
903 517 989 557 cap.
1017 505 1182 547 XXXII.
1219 504 1449 555 „exercitum
1478 508 1714 545 contractum

197 585 244 612 ex
270 570 540 611 diversissimis
567 569 748 620 gentibus
774 573 815 609 ut
841 567 1037 608 secundae
1062 580 1125 607 res
1148 571 1302 618 tenent,
1329 567 1385 607 ita
1415 566 1605 608 adversae
1637 566 1714 607 dis-

197 635 364 675 solvent:
397 633 470 672 nisi
499 633 634 672 Gallos
662 636 700 670 et
728 632 942 672 Germanos
970 635 1019 681 et,
1047 630 1168 681 pudet
1193 630 1309 680 dictu,
1334 630 1606 670 Britannorum
1634 630 1714 681 ple-

190 709 343 747 rosque,
367 697 460 736 lieet
477 694 727 734 dominationi
745 695 896 734 alienae
913 693 1143 744 sanguinem
1153 692 1409 742 commodent,
1421 693 1567 733 diutius
1584 698 1714 733 tamen

192 761 327 799 hostes
344 771 459 809 quam
478 770 620 807 servos,
648 757 725 797 fide
749 762 787 797 et
810 758 950 796 affectu
975 755 1096 796 teneri
1114 755 1270 807 putatis.
1298 778 1350 784 --
1377 756 1421 795 In
1440 755 1528 806 ipsa
1546 755 1713 798 hostien

193 823 279 863 acie
306 821 542 862 inveniemus
569 824 720 861 nostras
747 832 903 870 manus3
931 823 1146 870 agnoscent
1173 819 1348 859 Britanni
1375 831 1486 859 suam
1514 832 1686 860 cansam.

783 947 930 997 CAP.
961 948 1119 997 XLV.

648 1022 858 1067 TAc1T1
901 1021 1258 1066 Aenlconsn.

324 1119 461 1158 Noster
488 1117 550 1156 hic
577 1117 695 1165 dolor,
723 1120 892 1155 nostrum
920 1116 1079 1155 vulnus:
1108 1115 1220 1155 nobis
1249 1120 1378 1155 tamen
1407 1115 1548 1167 longae
1576 1116 1713 1157 absen-

194 1181 274 1222 tiae
301 1180 518 1221 conditione
549 1184 688 1231 „ante
716 1177 1128 1230 quadrie.nnium“
1158 1178 1325 1218 atn’ssus
1353 1182 1424 1218 est.
1454 1202 1505 1207 —

317 1255 391 1293 fiis
418 1254 456 1292 in
484 1253 611 1292 verbis
637 1253 792 1292 Wexius
811 1252 875 1303 (cf.
895 1252 1043 1302 proleg.
1062 1265 1100 1302 p.
1119 1252 1190 1304 26)
1208 1253 1399 1293 vocabula
1425 1257 1567 1303 „an-te
1588 1266 1712 1302 *qua—

191 1316 502 1356 drienni·um“
530 1328 600 1367 pro
628 1316 760 1366 glossa
787 1315 914 1364 habet,
943 1314 1078 1354 dicens
1106 1326 1152 1353 ex
1171 1314 1511 1366 interpretamento
1524 1327 1578 1356 ea
1597 1320 1714 1359 enata

193 1391 292 1418 esse.
345 1380 490 1419 Contra
516 1378 690 1418 Wexium
718 1381 778 1417 est
805 1377 994 1428 scriptura
1029 1377 1198 1416 omnium
1237 1377 1433 1419 codicum:
1475 1382 1556 1418 tum
1590 1378 1711 1420 etiam

188 1442 290 1481 llaec
316 1442 435 1481 verba
461 1442 515 1481 nil
543 1441 764 1481 offensionis
792 1440 946 1491 habent,
975 1440 1076 1479 inest
1103 1440 1143 1479 in
1170 1439 1218 1479 iis
1246 1453 1344 1480 sana
1371 1445 1410 1480 et
1436 1440 1595 1481 minime
1622 1453 1713 1481 con-

191 1508 293 1544 torta
319 1504 520 1544 sententia.
576 1504 655 1544 Sed
682 1504 872 1554 quomodo
901 1507 989 1543 sunt
1017 1515 1065 1542 ea
1093 1503 1356 1554 explicanda?
1409 1504 1566 1555 Lipsius
1591 1505 1712 1546 verba

190 1568 251 1607 sic
279 1568 454 1619 explicat,
490 1572 531 1607 ut
560 1567 896 1618 „quadriennium“
938 1567 1010 1606 hoe
1046 1566 1132 1606 loco
1169 1566 1362 1617 significet
1397 1571 1570 1619 tempus,
1608 1568 1711 1618 quod

190 1630 450 1670 ›artemonem-it
475 1630 585 1670 interv
600 1636 759 1670 mortem
786 1630 990 1681 Agricolae
1016 1634 1055 1668 et
1072 1642 1229 1679 annum,
1257 1643 1333 1679 quo
1352 1630 1530 1671 hicliher
1547 1632 1712 1682 scriptus

188 1694 253 1733 nit.
307 1695 415 1734 Haec
443 1694 646 1745 explicatio
674 1694 801 1733 multis
826 1693 1034 1733 editoribus
1053 1693 1199 1743 placuit
1215 1717 1268 1722 —
1286 1706 1410 1744 nuper
1428 1694 1544 1733 etiam
1563 1694 1710 1736 Wexio.

188 1779 245 1785 -
272 1756 357 1806 Ego
385 1756 420 1796 ei
445 1756 624 1796 assentiri
653 1769 729 1796 non
757 1769 933 1808 possum:
961 1754 1139 1806 praefero
1168 1767 1255 1795 cum
1285 1755 1472 1806 Walehio,
1500 1757 1709 1807 Walthero,

188 1819 335 1859 {littero
360 1823 400 1858 et
426 1819 511 1858 aliis
539 1819 806 1870 interpretibus
839 1820 1006 1860 Ernestii
1044 1819 1351 1870 explicationem,
1389 1820 1454 1871 qui
1485 1820 1617 1864 locum
1642 1821 1711 1864 sic

187 1881 477 1932 hterpretatur:
506 1881 617 1921 nobis
644 1882 798 1932 quidem
816 1882 892 1921 iam
913 1882 1167 1932 quadriennio
1182 1886 1276 1922 ante
1295 1886 1466 1928 mottuus
1494 1888 1710 1934 estonum

188 1956 330 1995 neuupe
362 1956 443 1984 una
465 1957 562 1985 eum
600 1957 737 1996 uxore,
774 1949 937 1996 quatuor
971 1944 1085 1986 annis
1117 1949 1212 1986 ante
1248 1950 1409 1989 mortem
1440 1950 1551 1990 ⁴tuam
1581 1947 1711 1991 «Rom

186 2006 367 2047 abiimus·
415 2008 579 2048 Frustra
606 2012 739 2048 nonna
765 2008 861 2048 baec
888 2009 1060 2060 disputat
1086 2008 1314 2061 Wexius.⁸⁸)
1364 2010 1468 2053 Nam
1498 2014 1592 2051 ante
1618 2023 1710 2060 qna-

193 2068 407 2109 driennium
444 2069 547 2109 idem
585 2082 682 2119 esse,
719 2083 832 2120 quam
873 2066 1149 2122 „quadriennio
1186 2073 1302 2112 ante“
1342 2072 1437 2112 satis
1472 2077 1635 2124 conam,
1663 2077 1712 2118 aa

189 2133 377 2183 exemplis
405 2146 555 2183 quoque
581 2134 765 2174 affirmari
792 2139 929 2185 potest,
956 2134 1061 2185 qnod
1078 2134 1238 2175 Wexius
1254 2135 1340 2186 ipse
1359 2135 1548 2178 concedit.
1589 2137 1711 2176 Affert

188 2194 339 2235 walch.
366 2196 460 2236 Tae.
489 2197 588 2236 Ann.
615 2197 718 2236 XIV.
736 2198 806 2237 12.
864 2209 963 2248 quae
980 2197 1091 2237 ,adeo
1119 2196 1204 2237 sine
1222 2209 1315 2238 cura
1333 2197 1448 2239 deam
1466 2198 1710 2250 eveniebant,

185 2261 235 2296 nt
261 2257 400 2297 multos
426 2263 513 2309 post
537 2272 662 2299 annos
690 2260 790 2299 Nero
817 2259 1021 2312 imperinm
1049 2263 1088 2299 et
1114 2259 1264 2300 seelera
1290 2260 1571 2303 continuaverit
1593 2285 1645 2291 —
1670 2266 1709 2303 et

183 2319 292 2359 Ann.
319 2320 645 2361 XIV.9....hunc
664 2322 734 2363 sui
761 2323 877 2363 finem
904 2321 1046 2362 multos
1064 2325 1163 2363 ante
1182 2335 1306 2363 annos
1330 2323 1546 2366 crediderat
1571 2323 1709 2379 Agrip-

182 2381 295 2433 jpina,
328 2387 666 2435 contemseratque.
712 2385 869 2426 Wexius
902 2384 1033 2425 affert:
1064 2384 1146 2424 Liv.
1175 2385 1321 2426 XXXI.
1350 2387 1423 2426 24.
1436 2415 1446 2425 .
1459 2416 1468 2425 .
1498 2387 1626 2439 „idem
1655 2386 1708 2428 ibi

185 2456 350 2485 somnus
375 2446 586 2497 eademque
612 2448 851 2500 negligentia
868 2452 962 2499 erat,
991 2449 1089 2499 quae
1109 2448 1333 2490 Chalcidem
1352 2449 1435 2491 dies
1454 2455 1545 2492 ante
1563 2463 1709 2502 paucos

182 2507 431 2558 fflrodiderat.
445 2538 476 2548 ..
516 2509 660 2551 XXIII.
696 2512 811 2552 24...
849 2512 981 2568 relicto
1019 2511 1203 2563 magistro
1242 2512 1412 2563 equitum
1447 2514 1607 2565 Romae,
1641 2514 1707 2568 qui

193 2582 277 2609 cum
305 2576 393 2621 post
418 2584 563 2622 paucos
590 2573 673 2613 dies
701 2575 967 2624 magistratum
994 2575 1155 2615 initurus
1184 2581 1297 2627 esset,
1335 2576 1384 2616 de
1412 2577 1643 2619 exercitibus
1669 2580 1708 2621 εἰ

323 2674 363 2716 ³³)
406 2674 456 2708 Of.
480 2675 573 2709 Wex.
595 2677 777 2719 prolegom.
799 2689 830 2721 p.
853 2681 904 2713 26.
